3000 4972
362 600 424 662 292
771 615 944 659 arrarum.

360 767 463 823 afflixit.
500 767 647 822 Christiani
667 786 750 838 reges,
770 767 816 838 qui
835 771 896 822 ante
909 786 950 822 me
963 771 1151 841 regnaremnt,
1163 766 1299 823 ecclesiam
1313 766 1368 824 Dei

359 854 524 914 amaverunt,
550 850 694 905 honoribus
719 855 746 904 et
770 851 855 904 xeniis
882 852 962 906 multi
989 853 1093 923 generis
1118 852 1367 922 locupletaverunt;

359 937 430 992 unde
442 957 522 1002 nunc,
532 943 562 992 nt
572 939 711 1001 credimus,
720 939 747 991 in
761 957 866 992 arumna
879 939 938 994 sede
952 941 1020 995 felici
1032 939 1207 995 retributione
1217 940 1368 1010 gaudentes

359 1026 536 1096 requiescunt.
573 1026 734 1080 Adelbertus
757 1030 783 1080 et
797 1027 918 1081 Edvinus
932 1048 961 1082 ac
975 1031 1088 1083 Sanctus
1102 1027 1250 1090 Oswaldua,
1266 1028 1367 1082 athul-

361 1109 403 1161 t'us
425 1128 454 1162 ac
477 1109 609 1169 Alsredus,
623 1108 772 1162 Edwardus
792 1108 879 1162 senior
901 1114 929 1164 et
949 1112 1083 1179 Edgarus,
1097 1115 1278 1181 cognatusque
1291 1130 1368 1164 meus

361 1197 388 1246 et
407 1193 559 1246 rarissimus
581 1192 705 1245 dominus
728 1191 872 1245 Edwardus
892 1193 1021 1248 dederunt
1041 1213 1103 1264 opes
1116 1194 1240 1248 Ecclesiae
1253 1194 1368 1255 Sanctae,

362 1295 420 1346 quaa
442 1282 483 1329 est
503 1295 599 1346 sponna
622 1275 679 1328 Dei.
718 1276 754 1328 Et
774 1275 856 1329 irater
878 1295 961 1339 meus,
983 1278 1024 1331 cui
1048 1278 1132 1331 totius
1157 1277 1232 1347 regni
1254 1277 1368 1330 tutelam

361 1359 553 1420 commendavi,
566 1358 696 1412 violenter
714 1376 775 1428 opes
788 1357 910 1428 diripuit,
923 1360 1065 1414 crudeliter
1083 1378 1212 1430 pauperes
1225 1361 1368 1431 oppressit,

363 1446 457 1500 frivola
475 1466 520 1516 ape
533 1446 632 1500 milites
646 1443 713 1498 mihi
732 1445 870 1515 surripuit,
884 1451 1023 1517 totumque
1039 1466 1152 1517 regnum
1171 1447 1279 1519 injustis
1292 1466 1368 1501 exae-

363 1533 481 1587 tionibus
495 1534 647 1587 concutiens
664 1531 820 1602 exagitavit.
857 1533 927 1600 Quid
941 1534 1002 1589 inde
1015 1534 1148 1605 agendum
1167 1534 1203 1588 sit
1216 1538 1292 1589 caute
1304 1553 1368 1588 con·

363 1620 484 1683 siderate,
497 1620 611 1682 etmihi,
625 1637 721 1690 quaeso,
735 1619 895 1674 insinuate.'’

398 1709 520 1779 Cumque
537 1727 627 1761 omnes
646 1712 752 1761 tanturn
766 1707 853 1761 virum
872 1709 1006 1771 timerent,
1019 1713 1047 1763 et
1062 1709 1222 1764 sententiam
1243 1707 1270 1762 in
1290 1709 1368 1763 illum

363 1797 478 1866 proferre
491 1795 653 1857 dubitarent,
666 1795 856 1865 magnanimus
875 1815 919 1849 rex
939 1796 992 1851 ait:
1013 1796 1127 1851 “Noxia
1145 1797 1280 1851 temeritas
1299 1815 1368 1850 sem-

363 1902 410 1954 per
427 1881 623 1952 comprimenda
635 1887 683 1946 est,
697 1901 744 1936 nec
763 1882 809 1936 uni
828 1883 861 1936 ad
874 1883 1064 1938 detrimentum
1083 1883 1233 1955 reipublice
1252 1902 1298 1955 pro
1317 1883 1368 1937 ali·

362 1989 414 2040 quo
433 1970 521 2023 favore
540 1969 698 2038 parcendum
718 1973 766 2023 est.
805 1969 885 2023 Hunc
904 1988 967 2039 ergo
980 1970 1077 2032 virum,
1089 1970 1134 2041 qui
1149 1974 1246 2024 terram
1266 1970 1368 2034 turbat,

362 2055 592 2126 comprehendite3
618 2059 652 2118 et,
671 2075 705 2110 ne
724 2056 751 2111 in
773 2057 888 2111 deterius
910 2058 1061 2128 praevaleat,
1081 2056 1191 2112 solerter
1211 2058 1368 2112 custoditas·

363 2145 483 2213 Cumque
505 2141 594 2196 nullus
617 2143 643 2195 in
669 2144 820 2213 episcopum
845 2145 954 2198 auderet
975 2144 1082 2214 injicere
1103 2164 1223 2207 manum,
1244 2163 1289 2198 rex
1311 2145 1369 2216 ipso

362 2231 464 2303 primus
477 2229 652 2300 apprehendit
664 2249 733 2284 eum.
772 2231 822 2285 Illo
837 2237 928 2286 autem
947 2232 1124 2287 reclamante:
1144 2232 1285 2287 “Clericus
1298 2251 1368 2296 snm,

363 2323 389 2372 et
411 2318 532 2371 minister
555 2317 680 2381 Domini;
709 2337 762 2372 non
784 2318 846 2373 lieet
866 2319 1017 2390 pontificem
1039 2320 1166 2374 damnare
1189 2319 1246 2373 sino
1264 2319 1369 2388 judicio

362 2425 436 2477 papae
445 2404 473 2469 ;''
487 2404 612 2474 providus
621 2423 666 2458 rex
676 2404 730 2459 ait:
744 2406 825 2476 “Ego
838 2425 890 2459 non
904 2406 1025 2460 clericum
1041 2426 1087 2461 nec
1100 2407 1249 2461 antistitem
1260 2407 1367 2471 damno,

362 2493 408 2549 sed
420 2491 541 2546 comitem
555 2491 664 2552 menm,¹
677 2510 755 2562 quem
775 2511 833 2546 meo
846 2493 901 2546 vice
915 2512 973 2547 mea
992 2494 1122 2564 praeposui
1134 2511 1224 2565 regno,
1237 2493 1369 2548 rationem

362 2581 507 2637 commissae
520 2578 688 2633 villicationis
701 2579 792 2632 audire
805 2579 895 2633 volens
908 2579 1127 2650 comprehendo.”

398 2667 441 2722 Sic
462 2667 535 2736 regia
555 2670 671 2736 potestas
693 2665 833 2736 praefatum
855 2665 995 2736 praesulem
1016 2666 1094 2736 cepit,
1116 2667 1144 2719 in
1167 2666 1368 2720 Normanniam

362 2756 455 2810 deduci
468 2754 538 2816 lecit,
556 2759 583 2808 et
600 2753 627 2806 in
647 2771 705 2807 arco
723 2753 913 2823 Rotomagensi
927 2753 1107 2817 incarceravit,
1120 2753 1210 2824 ibique
1230 2753 1368 2808 intrusum

362 2847 476 2914 qrratuor
494 2842 578 2905 annis,
598 2841 624 2894 id
643 2846 684 2895 est
703 2859 786 2912 usque
806 2841 838 2894 ad
852 2840 932 2894 finem
946 2840 1008 2895 ritae
1027 2843 1100 2894 suae²
1118 2840 1262 2912 diligenter
1280 2844 1368 2895 custo·

362 2931 440 2984 divit.

398 3035 526 3105 Compare
546 3033 602 3087 Tho
623 3032 700 3102 King
717 3050 742 3086 n.
762 3031 864 3103 Bisbop
877 3031 1005 3094 William,
1020 3037 1092 3102 poet,
1108 3051 1134 3103 p.
1148 3031 1217 3095 307;
1237 3031 1292 3086 also
1311 3032 1369 3087 'l'hs

363 3121 441 3192 King
452 3141 478 3176 o.
492 3122 607 3174 Thomas
620 3119 637 3173 h
651 3120 757 3183 Bechet,
771 3125 843 3183 ante,
856 3138 881 3190 p.
894 3119 955 3172 213.

399 3411 406 3443 ¹
421 3411 491 3464 That
505 3410 535 3471 is,
549 3429 576 3462 as
589 3408 643 3463 earl
656 3409 687 3461 ol
698 3408 770 3461 Kent
782 3409 874 3471 ;-the
884 3406 1050 3477 suggestion,
1061 3408 1107 3458 not
1119 3402 1247 3474 nulihely,
1256 3403 1287 3457 of
1295 3403 1366 3458 Isan-

362 3496 443 3558 franc,
457 3516 485 3549 as
499 3496 525 3548 in
541 3496 587 3548 the
600 3514 657 3548 case
671 3493 702 3547 of
712 3493 806 3563 bishop
820 3494 946 3556 William,
958 3499 1029 3563 post,
1042 3512 1068 3562 p.
1082 3493 1142 3545 309.

397 3584 477 3637 ²The
496 3583 585 3652 lciup’s
603 3581 660 3635 lite.
698 3582 756 3634 Cdo
776 3599 828 3634 was
848 3581 962 3634 released
983 3583 1009 3634 in
1029 3580 1075 3634 the
1093 3580 1184 3650 king’s
1201 3579 1253 3633 last
1265 3577 1366 3643 illaesa,

361 3671 423 3743 only
442 3676 470 3725 to
492 3688 572 3740 prove
592 3687 620 3722 as
639 3666 815 3721 troublesome
833 3667 885 3719 and
904 3667 1054 3737 dangerous
1073 3685 1101 3719 as
1120 3666 1216 3720 before.
1253 3664 1301 3720 See
1320 3664 1367 3718 the

361 3779 419 3815 case
431 3759 462 3813 of
474 3757 567 3827 bishop
580 3754 707 3817 William,
717 3759 791 3823 post,
804 3773 828 3824 p.
843 3755 904 3806 308.
