3000 4972
247 537 288 596 Gl
496 555 628 599 ruscrm
652 555 1002 603 rucco-uoiumrmim.

246 706 329 790 quod
350 729 409 789 ego
432 707 502 770 volo
525 716 558 771 et
580 708 735 792 praecipio,
759 717 795 773 ut
827 712 962 774 Sanctus
992 710 1194 794 Augustinus
1216 717 1250 775 et

245 816 342 880 abbas
364 816 471 901 Wydo
492 841 511 881 o
534 818 625 882 modo
642 819 774 884 firmiter
788 829 821 884 ot
836 821 1002 885 honorifice
1018 828 1124 886 teneut
1141 843 1250 886 omnes

245 926 449 991 rectitudines
471 950 543 990 suus
566 934 598 991 ct
628 931 870 994 consuetudines
897 931 937 994 ad
959 933 1158 1011 EustonoreS‚
1181 940 1247 996 tam

246 1038 279 1100 in
303 1060 383 1121 aqua
405 1060 499 1122 quum
524 1038 558 1101 in
579 1045 674 1103 terre.
719 1041 764 1104 Et
787 1040 858 1104 nolo
880 1047 919 1104 ut
940 1041 1076 1125 amplius
1091 1041 1206 1126 aliquis
1221 1042 1249 1107 ei

245 1147 319 1211 inde
342 1147 481 1231 aliquam
504 1148 652 1231 injuriam
668 1148 773 1213 saciat.
819 1150 910 1215 'Peste
925 1151 1087 1216 Willolmo
1103 1152 1247 1238 episcopo

246 1257 463 1335 Dunelmeusi,
480 1258 562 1341 apud
578 1259 795 1323 Windeshore.

251 1687 378 1770 [Assur
392 1707 433 1751 or
455 1690 632 1751 Auruooou
652 1685 761 1751 u'l'uu
779 1686 899 1750 K1uo's
916 1688 1109 1752 Fouusruus.
1133 1691 1248 1752 Aoour

690 1796 814 1880 1092.]¹

247 1959 316 2025 [The
327 1961 406 2010 abbot
418 1960 449 2009 of
461 1959 600 2022 Abingdon
612 1959 716 2008 obtsins
727 1973 744 2005 o
754 1958 814 2006 writ
826 1957 893 2006 from
911 1958 957 2007 the
974 1958 1045 2021 king,
1066 1958 1248 2022 commuuding
1320 1946 1324 1952 ⁸

311 2039 356 2086 the
367 2036 453 2098 king's
464 2038 587 2086 somstors
599 2041 645 2085 not
656 2040 684 2085 to
701 2036 795 2084 molest
813 2035 858 2084 the
876 2036 956 2084 ebbot
973 2036 1000 2084 in
1018 2036 1152 2095 hirlanda,
1165 2036 1247 2096 wood,

310 2113 503 2179 sndpssturo.]

245 2243 425 2306 Pummcrm
448 2248 555 2306 autem
570 2240 653 2305 villae
669 2240 863 2305 Uuinkefeld
879 2241 963 2325 regis
981 2240 1134 2306 forestarii
1149 2239 1246 2324 pluri·

244 2375 333 2417 mum
359 2351 468 2417 inl'esti
494 2351 620 2417 fiebant.
667 2352 760 2418 Quod
784 2375 855 2417 cum
882 2352 943 2437 ipsi
967 2354 1036 2438 regi
1061 2354 1183 2419 abbatis
1208 2378 1247 2420 ex

243 2469 333 2549 parte
348 2463 531 2542 deferretur,
546 2462 674 2527 illorum
699 2463 876 2528 molestiam
902 2463 1084 2549 hujusmodi
1108 2464 1247 2529 coercuit

244 2575 405 2656 mundato,
422 2575 577 2640 Uualtero
599 2574 700 2639 eidem
722 2574 829 2639 taliter
851 2574 989 2639 scribens
1002 2600 1057 2639 :—

276 2686 489 2767 Wuillelmus,
499 2709 553 2752 rex
565 2685 756 2770 Anglorum,
765 2684 907 2750 Waltero
918 2686 1008 2750 Oteri
1017 2685 1092 2765 filio,
1103 2685 1245 2750 sulutem.

243 2799 365 2863 Mando
380 2797 441 2863 tibi
456 2804 490 2863 et
504 2797 658 2882 praecipi0,
673 2800 711 2861 ut
726 2796 833 2861 abbati
856 2795 1059 2861 Abbendonae
1080 2796 1246 2881 permittes

242 2909 357 2974 hebere
381 2931 470 2973 suum
494 2914 611 2973 terram
636 2914 670 2972 et
695 2928 785 2970 suem
811 2905 924 2970 silvam
950 2905 1078 2971 omnino
1105 2906 1245 2984 liberam,

242 3027 355 3104 prester
380 3020 555 3085 silvestrem
579 3017 704 3097 silvam,
729 3025 761 3083 et
784 3040 900 3102 pascuo
926 3039 1053 3081 suorum
1079 3015 1245 3079 hominum

242 3130 357 3195 habeut
386 3131 419 3195 in
449 3129 596 3214 praedictu
626 3127 723 3206 silva;
757 3133 790 3192 et
815 3125 886 3192 vide
909 3149 949 3191 ue
970 3125 1105 3210 amplius
1127 3126 1165 3191 ds
1187 3127 1245 3191 hoc

242 3241 322 3305 silva
336 3240 387 3305 vel
402 3246 486 3305 terre
499 3239 646 3323 injuriam
662 3237 770 3303 abbati
792 3237 897 3302 facias.

269 3692 443 3776 [Burwsuu
472 3694 628 3757 Asuuomr
658 3714 726 3759 suo
756 3697 838 3777 Am,
870 3697 1013 3762 Purssrs.
1059 3697 1211 3763 Eccuusr·

586 3824 727 3870 ssmcuu
774 3809 899 3892 1092.]²

242 3961 328 4030 [Tr-iul
338 3970 367 4014 ot
378 3982 395 4014 o
405 3966 487 4030 synod
498 3966 525 4015 ol
541 3966 616 4016 three
626 3970 745 4019 oountios
756 3971 912 4035 concerning
928 3972 1046 4035 disputes
1064 3972 1182 4022 between
1200 3972 1246 4021 tho

473 4189 480 4222 ¹
499 4193 514 4240 2
526 4193 595 4242 Hist.
608 4194 677 4243 Mon.
690 4194 802 4259 Abingu.
814 4197 847 4247 29
859 4195 930 4261 (Rec-
942 4196 1035 4263 Com).

470 4270 480 4301 ¹
498 4271 511 4317 1
526 4271 620 4333 unguo
633 4272 720 4331 Sacro,
731 4274 786 4322 542.
