3000 4972
657 602 766 647 naum
790 604 812 646 1.
1168 587 1225 647 131

283 753 408 836 [Anser
433 754 587 817 aimarus
609 778 637 818 v.
661 756 819 833 Eemwia,
844 758 912 819 Soa
935 775 975 820 or
997 757 1170 839 Goaaac.]¹

225 911 293 976 [The
305 913 421 975 plaintiff
434 929 552 962 rocovcrs
567 915 707 978 judgmont
719 917 745 964 in
757 917 797 964 bis
810 932 868 965 own
880 921 954 966 court
967 918 993 964 in
1005 921 1109 979 respect
1120 917 1148 966 of
1163 917 1225 964 land

320 991 350 1040 of
358 992 442 1040 which
455 993 499 1041 the
511 992 650 1040 detondant
662 992 713 1040 had
725 993 903 1057 fraudulently
915 993 1038 1042 dissciscd
1050 992 1126 1057 him]

222 1130 412 1193 Euiuwiuus
436 1129 521 1193 filius
546 1130 672 1194 Godrici
694 1132 733 1195 de
757 1132 965 1217 Oelvesgrave
989 1133 1102 1196 celavit
1118 1132 1225 1196 abbati

223 1240 340 1304 Faritio
355 1246 510 1324 quantum
534 1247 624 1305 terna
647 1242 791 1306 habebat.
838 1243 972 1308 Dicebat
996 1244 1079 1308 enim
1096 1243 1224 1306 nonnisi

224 1350 304 1414 XII.
320 1372 407 1415 acras
422 1351 456 1413 in
472 1374 581 1435 campo
606 1375 638 1415 se
662 1353 785 1431 habere,
800 1353 884 1417 sicut
909 1354 940 1417 ei
962 1354 995 1417 in
1018 1354 1224 1418 conventione

222 1461 341 1525 factum
353 1461 457 1526 fuerat
472 1462 503 1524 in
520 1462 658 1546 capitulo
674 1464 910 1528 monachorum.
959 1465 1020 1529 Sed
1036 1464 1101 1548 ipse
1116 1464 1224 1542 abbas,

221 1571 426 1656 inquisitione
456 1579 543 1636 certa
568 1573 605 1636 de
621 1573 680 1636 hoc
695 1573 789 1652 facta,
810 1574 935 1639 invenit
962 1576 1053 1639 aliter
1078 1575 1163 1639 istud
1191 1597 1223 1639 se

221 1683 344 1761 habere,
360 1690 393 1748 et
408 1684 508 1747 multo
523 1683 658 1768 amplius
672 1691 763 1748 terrae
778 1685 868 1748 illum
884 1709 956 1750 cum
971 1685 1126 1770 praedictis
1138 1687 1221 1750 xll.

220 1794 299 1857 acris
321 1796 459 1859 tenuisse
467 1822 477 1874 ,·
501 1795 584 1858 unde
599 1795 778 1879 judicatum
794 1803 842 1860 est
858 1819 912 1880 pro
929 1798 987 1862 hoc
1003 1796 1172 1874 forisfact0,
1187 1797 1220 1859 in

219 1904 307 1968 curia
321 1905 461 1988 ejusdem
477 1905 610 1983 abbatis,
621 1912 659 1969 ut
670 1907 836 1990 praedictus
850 1907 898 1970 vir
913 1907 1047 1991 singulis
1059 1907 1150 1971 annis
1160 1908 1221 1971 Vl.

220 2014 370 2078 sextarios
394 2015 496 2078 mellis
520 2015 672 2095 redderet,
699 2017 781 2081 sicut
811 2024 905 2081 autea
927 2018 1005 2082 duos
1035 2018 1222 2097 reddiderat,

220 2132 253 2188 et
274 2131 385 2189 caetera
410 2126 537 2190 servitia
558 2126 641 2191 sicut
658 2132 751 2191 autea
773 2128 887 2191 fecerat
912 2128 1134 2192 monachorum
1150 2128 1222 2191 usui

219 2235 416 2319 persolveret.

417 2723 617 2810 [Eaaauonu
639 2750 667 2788 a.
691 2728 804 2789 Asson
828 2724 1027 2808 ΡΑιιιτιυε]2

220 2884 323 2950 [Abbot
335 2887 449 2936 Faritius
459 2889 549 2936 makoa
561 2887 684 2936 distraint
695 2902 765 2948 upon
778 2885 918 2935 Ermenold
928 2885 968 2933 sor
985 2888 1178 2948 non-paymont
1194 2884 1225 2933 of

288 2967 356 3012 rent.
389 2965 444 3012 Tho
455 2964 536 3013 latter
545 2965 671 3026 mplevies
683 2964 723 3012 bis
734 2968 865 3026 property,
877 2963 942 3011 with
962 2962 1075 3025 pledgea.
1109 2962 1164 3010 The
1183 2976 1221 3010 re-

288 3040 376 3101 plcvin
393 3042 446 3089 suit
463 3041 568 3103 coming
579 3056 619 3099 on,
632 3040 677 3089 the
689 3041 768 3088 abbot
784 3041 888 3089 obtains
903 3039 1042 3104 judgment
1059 3039 1095 3102 by
1111 3038 1221 3099 default,

283 3117 334 3164 and
346 3117 392 3167 the
403 3123 500 3167 matter
511 3119 534 3167 is
545 3118 741 3180 compromiscd,
754 3118 798 3166 the
811 3118 922 3166 eurotias
933 3117 1013 3180 being
1023 3116 1122 3166 friends
1133 3116 1163 3165 of
1176 3117 1221 3166 the

283 3194 371 3241 abbat.
405 3195 460 3242 Tho
471 3209 530 3243 case
541 3195 564 3242 is
581 3194 648 3242 tn'ed
665 3195 692 3242 in
710 3195 755 3243 the
772 3195 852 3243 house
868 3193 898 3242 of
913 3192 1059 3252 Ermenold,
1071 3192 1159 3241 before
1175 3193 1221 3241 tho

283 3271 443 3321 archdoaoon
455 3273 486 3321 οἰ
493 3272 590 3320 Oxsord
600 3273 652 3321 and
664 3272 778 3321 Richard
789 3272 820 3320 ot'
834 3272 860 3321 S.
874 3271 932 3335 (tho
943 3268 1066 3334 sureties)
1077 3270 1128 3319 and
1141 3284 1221 3333 many

283 3347 395 3412 others]

218 3461 402 3524 Eauuuonu
424 3461 591 3544 burgensis
615 3462 653 3526 de
678 3462 858 3527 Oxonoford
889 3461 1020 3526 tenebat
1042 3462 1082 3525 de
1105 3460 1219 3524 abbate

219 3571 337 3635 Faritio
347 3571 457 3635 wicam
472 3596 541 3655 quae
556 3578 605 3636 est
618 3574 714 3656 juxta
728 3578 860 3657 pontem
874 3571 1055 3636 Oxeneford
1070 3595 1127 3652 pro
1144 3571 1217 3647 XL.

220 3680 329 3745 solidis
354 3682 394 3745 ad
417 3682 570 3765 gablum3
604 3690 637 3747 et
670 3683 809 3767 contigit
831 3688 869 3747 ut
902 3684 1035 3767 gablum
1066 3683 1221 3748 detineret

218 3813 301 3855 anno
316 3815 389 3857 uno.
437 3792 542 3858 Quare
557 3792 654 3858 abbas
676 3793 820 3878 sequenti
839 3816 932 3872 anno,
948 3790 1057 3857 messis
1071 3799 1221 3876 tempore,

217 3901 367 3987 quicquid
382 3902 522 3985 pecuniae
544 3903 677 3986 desuper
698 3909 815 3967 terram
838 3903 925 3967 illam
941 3903 1082 3968 invenire
1096 3908 1221 3986 poterat

216 4012 338 4076 namari
352 4012 458 4095 jussit,
475 4017 508 4077 ct
523 4017 640 4077 terram
655 4013 824 4096 prohiberi.
870 4014 915 4076 At
930 4012 996 4096 ipsc
1011 4011 1220 4076 Ermenoldus

216 4144 272 4205 pro
309 4145 342 4187 se
379 4122 570 4201 Walterum,
600 4121 855 4187 archidiaconum
893 4123 931 4186 de
968 4121 1158 4199 Oxcneford,
1189 4127 1221 4184 et

284 4311 293 4343 ¹
310 4309 325 4354 2
338 4307 408 4355 Hist.
420 4307 489 4356 Mon.
501 4305 613 4369 Abingd.
625 4306 674 4356 lac
685 4305 756 4368 (aaa.
770 4305 860 4367 Com).
1022 4303 1034 4337 ¹
1052 4303 1089 4353 Ib.
1102 4305 1157 4354 140.

693 4413 715 4455 s
739 4398 757 4457 2
