3000 4972
294 584 355 644 300
706 587 880 634 arrasam.

518 746 585 817 [W.‚
603 760 662 798 rsa
681 744 947 801 Cassianarum.
961 737 1087 805 Arcas]

328 857 397 909 Cum
410 853 458 906 hcc
472 849 590 904 rrmncrio
603 846 783 917 [Totcnchon]
794 843 920 898 reclamat
930 842 977 896 W.
990 839 1149 895 camerarius
1163 840 1203 895 ll.
1217 839 1304 903 hidas,

293 962 357 1014 quus
370 942 427 1010 ojus
440 945 592 993 antecessor
604 935 693 991 tonuit
712 939 829 1003 tompore
850 930 921 1000 regis
941 928 1073 991 Edwardi,
1086 929 1155 982 sicut
1176 927 1303 982 hundred

293 1033 418 1090 tactatur,
437 1026 484 1080 scd
502 1025 639 1095 episcopus
662 1020 815 1075 Baioccnsis
828 1037 875 1090 por
888 1017 943 1071 vim
956 1016 981 1070 ei
998 1015 1123 1078 abstulit,
1135 1019 1164 1068 et
1176 1014 1304 1070 Adelulso

293 1136 342 1173 suo
354 1115 497 1170 camorario
510 1111 591 1166 dedit.
629 1109 670 1164 Ib.
683 1111 745 1162 216.

605 1344 733 1411 [Annam
746 1359 769 1395 a.
785 1340 878 1393 chs
894 1355 931 1393 na
943 1339 990 1408 B.]
1013 1343 1017 1350 '

333 1456 365 1509 Iu
380 1454 428 1508 hac
440 1453 530 1507 cadom
551 1450 636 1517 [terra
648 1447 675 1500 in
688 1445 819 1514 Onstone]
838 1444 966 1498 reclamat
979 1442 1071 1497 adeliz
1085 1441 1211 1513 praedicta
1224 1440 1303 1494 dimi·

296 1545 366 1599 diam
376 1544 508 1613 virgatam
518 1544 544 1592 ct
553 1536 640 1591 XXX.
649 1553 721 1588 acras
732 1533 803 1586 intor
810 1533 905 1585 silvam
915 1536 943 1585 et
950 1532 1060 1601 planum
1069 1549 1148 1601 snper
1158 1531 1305 1599 Hngonom

295 1635 328 1688 de
341 1632 490 1701 Boicampo,
502 1633 529 1682 et
542 1624 661 1679 hominos
676 1622 707 1675 do
720 1620 842 1674 hundred
854 1624 962 1690 portant
975 1619 1159 1673 testimonium
1173 1617 1241 1688 quod
1252 1618 1304 1672 hac

295 1726 368 1776 tarra
376 1718 462 1789 jacuit
474 1721 592 1784 tompore
606 1711 676 1781 rogis
689 1708 814 1763 Edwardi
827 1725 887 1760 cum
902 1707 953 1760 alia
966 1713 1037 1760 terra
1054 1725 1133 1777 quam
1147 1710 1221 1759 tonot
1235 1705 1303 1759 ade.

295 1809 338 1869 liz,
351 1812 378 1861 ct
392 1806 435 1859 ilie
444 1804 490 1875 qui
503 1802 570 1855 hanc
583 1804 681 1852 terram
694 1795 781 1851 tonuit
793 1795 882 1865 potuit
894 1795 957 1848 dare
970 1794 1011 1848 val
1024 1793 1137 1847 vendero
1152 1793 1195 1846 cui
1209 1793 1303 1849 voluit.

298 1896 377 1949 Hanc
399 1896 498 1946 terram
520 1886 651 1942 Radulfns
671 1883 771 1954 injusta
791 1881 936 1953 occupavit,
955 1880 1060 1952 quando
1079 1879 1223 1934 vicecomes
1242 1880 1304 1934 suit.

298 1982 339 2037 Ib.
353 1981 404 2037 217
420 1978 444 2034 b.

578 2145 708 2213 [Brasos
730 2145 883 2200 Wonsmn.
920 2145 1026 2214 ivam]

333 2244 499 2298 Bricstninus
512 2248 629 2316 tompore
642 2246 710 2313 rogis
724 2246 846 2300 Edwardi
866 2246 953 2300 tonuit
963 2246 989 2299 in
999 2246 1143 2301 Alvostono
1151 2246 1217 2300 VII.
1228 2245 1305 2300 hidas

297 2337 326 2387 ot
339 2332 488 2386 dimidiam.
526 2333 566 2385 Do
579 2332 627 2386 hac
639 2338 710 2386 terra
723 2333 818 2387 habuit
832 2333 929 2387 Eldrcd
942 2333 1152 2404 archiepiscopus
1173 2353 1260 2387 socam
1276 2339 1305 2388 ct

299 2439 395 2482 sacam,
409 2425 435 2473 et
447 2419 485 2473 tol
498 2424 526 2473 ot
539 2419 612 2483 toan,
632 2425 658 2473 ct
676 2424 769 2481 caract,
782 2425 809 2474 ct
822 2438 913 2473 omnes
933 2419 998 2474 alias
1019 2421 1190 2474 forsfactum
1209 2426 1305 2490 prurtcr

299 2507 358 2561 illas
367 2506 440 2560 1111.
454 2525 519 2576 quas
532 2525 575 2560 rex
590 2506 667 2560 habet
682 2525 728 2576 por
740 2510 827 2560 toturn
836 2525 957 2576 rognum.
976 2507 1036 2561 Hoc
1043 2512 1181 2561 testantur
1190 2507 1237 2561 filii
1247 2508 1305 2578 ejus

299 2592 655 2657 Louninus‚Ed1naretalii
669 2592 742 2647 1111.
756 2592 801 2647 sed
814 2593 937 2647 nesciunt
950 2593 981 2647 do
993 2613 1045 2665 quo
1058 2614 1091 2647 an
1104 2594 1258 2649 deaecclesia
1270 2615 1305 2650 an

299 2683 331 2736 do
343 2682 438 2737 comite
451 2681 546 2736 Louric
558 2681 600 2735 cui
614 2680 747 2735 serviebat
759 2680 827 2735 hanc
843 2685 941 2735 terram
960 2682 1058 2736 tonuit.
1097 2683 1197 2737 Dicunt
1214 2688 1304 2738 tamen

299 2768 368 2840 quod
388 2769 437 2840 ipsi
456 2772 602 2824 tenuerant
620 2787 678 2822 eam
691 2768 722 2821 da
734 2768 766 2821 L.
780 2768 884 2831 comite,
896 2773 924 2823 et
939 2787 992 2839 quo
1011 2768 1135 2823 volabant
1153 2789 1213 2824 cnm
1234 2775 1306 2826 tarra

300 2863 421 2929 poterant
435 2878 462 2912 sc
475 2863 582 2912 vertero.
613 2856 739 2927 Reliquas
757 2861 847 2910 autem
862 2856 929 2909 VII.
944 2855 1020 2910 hidas
1032 2860 1060 2911 et
1072 2856 1210 2911 dimidiam
1220 2859 1309 2912 tonuit

300 2946 457 3001 Britnoidus
470 2950 498 2999 ct
511 2944 593 2999 Aluui
606 2949 724 3015 tompore
737 2943 806 3013 rogis
820 2944 951 2998 Edwardi.
989 2944 1040 2998 Sod
1058 2945 1200 3000 comitatus
1219 2946 1304 3000 noscit

300 3034 333 3088 de
345 3054 397 3104 qno
409 3033 554 3088 tenuerint.
591 3031 733 3085 Wlstanus
746 3031 881 3102 opiscopus
896 3032 962 3085 dicit
974 3051 1001 3085 so
1011 3031 1079 3086 hanc
1087 3038 1184 3086 terram
1195 3033 1306 3103 deplaci-

301 3126 371 3175 tasso
383 3140 469 3174 coram
482 3120 575 3190 regina
593 3119 729 3173 machilde
741 3119 768 3171 in
782 3119 924 3189 praesentia
937 3119 1009 3173 IllI.
1024 3119 1266 3184 vicecomitatum,
1279 3126 1308 3175 at

302 3208 362 3261 indo
371 3207 451 3260 habot
461 3205 553 3260 breves
563 3205 632 3276 rogis
641 3206 778 3270 willelmi,
786 3211 815 3260 et
823 3206 1006 3260 testimonium
1016 3206 1159 3261 comitatus
1170 3206 1307 3262 Waruuic.

302 3294 343 3350 lb.
356 3295 409 3348 238
422 3293 447 3347 b.

522 3477 663 3545 [Cnnrcs
683 3495 720 3532 os
739 3478 783 3531 Sa.
803 3479 893 3533 dicar
906 3500 929 3534 v.
944 3482 1085 3551 Bonnam]

338 3581 371 3636 In
385 3581 434 3636 hoc
453 3581 571 3634 manerio
592 3581 763 3651 [Brunfude]
783 3587 901 3653 temporo
920 3586 989 3656 mgis
1010 3585 1133 3640 Edwardi
1148 3590 1225 3641 erant
1244 3585 1306 3640 XX.

302 3668 380 3734 hida,
401 3673 429 3722 et
454 3672 543 3721 totum
568 3668 701 3722 habebant
721 3669 789 3722 XII.
807 3672 925 3725 canonici
946 3673 1029 3742 ipsius
1048 3673 1169 3728 oecclesiaa
1188 3674 1307 3743 [Sanctus

303 3757 420 3826 Marisa}
458 3756 536 3809 Unus
551 3774 641 3809 corum
655 3757 756 3827 Spirtos
769 3758 875 3812 nomina
888 3760 997 3814 tenebat
1009 3761 1080 3815 solas
1093 3762 1127 3816 X.
1141 3761 1224 3816 hidas.
1256 3761 1307 3816 Sed

303 3863 363 3900 cum
375 3844 471 3899 fuisset
483 3844 604 3898 exulatus
618 3843 651 3897 ab
669 3843 779 3916 Anglia,
796 3845 870 3899 dedit
889 3865 933 3900 rex
955 3848 1103 3903 Edwardus
1123 3850 1170 3903 has
1183 3848 1218 3902 X
1230 3849 1307 3903 hidas

304 3933 420 3988 Robcrto
433 3931 486 3986 tilio
500 3931 636 3985 Wimarch
649 3932 718 3987 sicut
730 3933 863 3987 canonico.
902 3934 1036 3989 Robortus
1045 3954 1106 3990 voro
1115 3935 1187 3990 dedit
1195 3937 1307 3991 eandem

303 4026 399 4075 terram
419 4020 524 4075 cuidam
543 4038 590 4073 suo
604 4039 709 4090 gonoro.
745 4020 821 4088 Quod
839 4040 899 4074 cum
919 4023 1037 4075 canonici
1060 4023 1223 4077 indicassent
1241 4024 1307 4095 rogi,

302 4108 441 4162 confestim
454 4107 579 4178 pracepit
591 4107 625 4161 ad
637 4108 782 4162 aeclesiam
795 4114 894 4162 terram
909 4108 1018 4171 revorti,
1031 4110 1219 4164 tantummodo
1232 4111 1308 4164 indu·

302 4196 374 4248 cians
387 4195 469 4249 donec
481 4194 514 4248 ad
526 4194 628 4248 curiam
643 4196 771 4251 instantis
783 4196 889 4250 Natalis
904 4196 1011 4250 Domini
1027 4197 1258 4268 Robertojnberct
1277 4203 1308 4253 ut

302 4301 399 4351 gonaro
412 4301 460 4335 sno
473 4287 571 4336 torram
585 4282 664 4336 aliam
678 4282 837 4354 providorot.
875 4284 936 4353 Ipso
949 4289 1040 4338 autom
1054 4304 1097 4339 rox
1111 4285 1139 4340 in
1152 4285 1217 4358 ipsis
1230 4285 1305 4340 fortis
