3000 4972
259 532 318 595 les
503 553 635 597 enacim
659 553 1011 600 steno-nommemes.

271 707 400 792 [Annos
421 725 460 768 on
484 706 696 769 Gnoeeesenn
711 708 904 784 aWemnn,
929 709 996 770 Sos
1018 726 1058 770 en
1083 702 1260 789 Wiscne.]¹

257 840 326 905 [The
343 842 429 904 king's
440 843 501 890 writ
518 843 701 905 eonimanding
717 845 776 891 that
793 844 839 893 the
856 844 973 905 pleintiff
985 847 1017 893 be
1033 850 1082 905 pnt
1099 845 1125 892 in
1143 846 1222 895 seisin
1234 846 1264 895 es

354 920 429 968 lande
441 920 470 969 of
479 920 562 969 which
574 921 606 968 he
618 921 669 968 had
680 921 746 968 been
757 920 883 969 disseised
895 921 930 983 by
941 922 986 968 the
996 920 1161 986 defendant]

258 1006 442 1104 Hammone,
480 1047 535 1089 rex
572 1025 763 1108 Anglorum,
794 1026 936 1088 Waltero
973 1025 1036 1088 filio
1076 1025 1260 1104 Wiseeonis‚

255 1136 399 1200 salutem.
444 1134 595 1218 Praecipio
610 1135 693 1218 quod
703 1135 790 1216 juste
804 1143 837 1199 et
852 1134 942 1218 plene
954 1136 1104 1219 resaisyas
1114 1135 1259 1199 abbatem

255 1251 287 1310 et
303 1246 471 1310 monachos
489 1245 694 1309 Glaucestriae
709 1245 748 1308 de
763 1245 854 1309 terris
873 1254 906 1309 et
932 1245 1068 1310 ecelesiis
1082 1253 1115 1310 et
1131 1246 1260 1310 decimis

255 1362 287 1421 et
303 1356 449 1421 omnibus
465 1355 557 1420 rebus
580 1378 657 1438 quas
680 1362 770 1438 pater
791 1362 866 1419 tuus
890 1355 935 1419 eis
955 1355 1043 1419 dedit
1063 1355 1095 1418 in
1117 1356 1258 1420 elemosi-

256 1489 340 1545 nam,
355 1466 438 1529 unde
454 1466 514 1549 ipsi
529 1472 605 1529 sunt
620 1465 737 1547 injuste
753 1473 785 1529 et
800 1464 866 1528 sine
880 1465 999 1547 judicio
1021 1465 1201 1549 dissaysiti3
1225 1475 1259 1531 et

254 1577 344 1655 bene,
359 1583 393 1640 et
407 1577 441 1639 in
455 1599 540 1660 pace,
556 1583 589 1640 ct
602 1577 689 1659 juste
704 1583 736 1640 et
752 1576 920 1640 honorifice
935 1583 1076 1654 teneant,
1094 1577 1175 1640 sicut
1198 1577 1258 1661 ipsi

254 1688 312 1752 hoc
341 1688 530 1752 dimtionare
559 1686 698 1770 poterint
728 1709 782 1770 por
807 1709 878 1750 suos
902 1686 1020 1769 legales
1050 1693 1147 1751 testes
1175 1688 1259 1771 quod

254 1805 343 1882 pater
357 1803 433 1861 tuus
459 1820 510 1862 eas
536 1798 581 1862 cis
607 1798 640 1860 in
663 1797 865 1861 elemosinam
881 1796 992 1876 dedit3
1016 1804 1049 1860 et
1064 1797 1125 1861 nisi
1141 1798 1258 1878 feceriS,

253 1909 414 1992 episeopus
431 1908 541 1971 Sancti
557 1908 664 1971 David
679 1907 775 1971 faciat
790 1930 829 1970 ne
844 1906 903 1990 ipsi
927 1906 1096 1991 quicquam
1120 1910 1256 1992 perdant

254 2041 309 2103 pro
330 2019 461 2102 penuria
482 2017 561 2082 neoti
578 2019 625 2082 vel
642 2018 787 2102 justitia,
811 2040 910 2101 neque
937 2040 997 2102 ego
1023 2019 1158 2102 amplius
1184 2020 1257 2085 inde

253 2129 420 2194 clamorem
436 2128 570 2194 audiam.
598 2129 690 2192 Teste
699 2128 735 2193 P.
746 2128 810 2191 filio
823 2129 844 2191 J
846 2128 979 2192 ohannis
988 2128 1072 2212 apud
1087 2130 1255 2195 Oxoniam.

286 2290 349 2338 This
360 2289 420 2338 writ
431 2290 454 2337 is
465 2288 621 2349 interesting
632 2302 661 2336 as
672 2303 688 2335 a
700 2291 840 2351 prototypo
852 2288 882 2337 of
890 2288 936 2337 the
948 2288 1015 2336 fixod
1027 2288 1093 2337 form
1104 2290 1134 2338 ef
1141 2291 1186 2339 the
1197 2292 1257 2340 writ

253 2367 283 2416 os
291 2367 366 2416 novel
384 2365 511 2420 disseisin,
523 2364 600 2426 given
612 2364 647 2426 by
657 2364 778 2412 Glanvill.
812 2365 867 2412 Lib.
880 2367 919 2424 13,
932 2380 954 2413 o.
967 2368 1007 2413 33.
1042 2366 1257 2418 SeealsoAbbot

253 2447 284 2495 οἰ
292 2445 444 2495 Glouoester
455 2460 477 2492 o.
490 2443 608 2501 Williem,
621 2443 666 2490 the
677 2441 824 2502 constable,
837 2444 913 2503 infre,
925 2458 949 2505 p.
963 2445 1017 2492 130.

604 2798 710 2881 [sine
733 2797 912 2881 Pisana?

253 2959 418 3026 [Theldng's
430 2960 531 3008 writes
543 2960 678 3007 execution
691 2957 726 3021 (Ρ)
741 2957 828 3006 issued
839 2971 909 3018 upon
923 2955 1064 3019 judgment
1083 2956 1188 3019 against
1209 2957 1255 3006 the

546 3036 687 3085 defendant
699 3036 726 3082 in
739 3036 785 3083 the
796 3049 856 3083 ease
867 3031 968 3096 supra]

254 3177 426 3241 Hnnmcns
442 3197 495 3239 rex
508 3175 684 3258 Anglorum
697 3172 1007 3255 Bernardoepiseopo
1018 3172 1127 3236 Sancti
1139 3173 1254 3251 David,

252 3287 397 3350 salutem.
434 3284 555 3348 Mando
567 3284 626 3347 tibi
638 3290 670 3347 ct
685 3284 830 3368 precipio
845 3284 926 3366 quod
939 3282 1101 3367 praecipias
1113 3283 1254 3348 Waltero

252 3397 316 3460 filio
331 3394 505 3459 Wisceonis
525 3401 563 3457 ut
587 3394 678 3478 plene
700 3401 733 3458 et
757 3396 842 3478 juste
868 3395 979 3457 reddat
1002 3394 1138 3457 ecclcsiae
1163 3395 1255 3458 Santi

253 3506 341 3570 Petri
365 3504 568 3569 Glouoestriae
583 3511 616 3568 et
631 3505 738 3569 abbati
753 3513 786 3570 et
800 3506 962 3569 monachis
978 3504 1163 3570 elemosinas
1183 3528 1255 3569 suas

252 3619 291 3682 de
305 3615 468 3700 Dugledin
491 3616 585 3679 etde
607 3615 669 3678 alia
692 3623 777 3679 terra
792 3615 967 3680 Wiseeonis
989 3638 1066 3698 quas
1088 3615 1149 3699 ipsi
1170 3616 1254 3699 juste

251 3728 365 3792 habere
380 3725 505 3804 debent,
519 3731 552 3790 et
567 3746 644 3809 quas
667 3732 758 3809 pater
782 3725 919 3790 Waltcri
945 3725 988 3790 eis
1011 3725 1100 3790 dedit
1123 3733 1156 3789 et
1179 3748 1252 3790 eon·

251 3839 343 3903 cessit
359 3858 506 3900 concessu
520 3836 723 3901 antecessoris
738 3837 797 3915 tui,
813 3860 851 3901 ne
867 3859 960 3921 super
974 3836 1032 3899 hoe
1054 3842 1091 3900 tu
1115 3836 1253 3919 aliquam

253 3949 401 4034 injuriam
430 3947 565 4030 amplius
595 3946 667 4011 inde
697 3947 741 4010 eis
765 3947 872 4024 facias,
900 3969 956 4010 nee
981 3946 1046 4010 fieri
1075 3947 1252 4030 permittas.

252 4061 343 4125 'Peste
357 4057 540 4122 cancellario
558 4057 641 4140 apud
657 4057 984 4121 Westmonasterium.

319 4261 325 4291 ¹
346 4261 359 4307 1
372 4258 464 4306 Chren.
478 4258 545 4306 Mon.
560 4256 647 4306 Glonc.
660 4257 709 4306 264
722 4256 792 4315 (Rec.
807 4254 897 4319 Com).
