3000 4972
247 534 288 596 88
491 550 628 595 runem
652 547 1000 593 succo-uonnmnrcs.

289 752 388 840 [Man
410 772 450 818 ov
477 754 528 816 Sr.
555 753 744 817 Aucusruvn
765 772 794 816 a.
818 751 969 817 Crnzaus
991 769 1031 815 or
1054 750 1202 814 cnunc-

611 882 708 928 auar.
754 863 882 946 1104.]¹

244 1024 311 1091 [The
328 1025 413 1089 king's
424 1027 484 1075 writ
495 1025 677 1087 commanding
687 1024 793 1087 plcdgcs
810 1026 887 1088 given
903 1024 939 1088 by
950 1024 996 1074 thc
1013 1023 1140 1087 plaintiffs
1156 1026 1186 1072 to
1200 1023 1247 1072 the

551 1101 707 1152 defendente
718 1105 747 1152 to
759 1103 791 1151 bc
801 1100 941 1166 restored]

245 1243 428 1322 Hammona,
453 1265 509 1307 rex
533 1243 724 1327 Auginum,
741 1243 905 1328 Haymoni
929 1242 1067 1328 dapifero
1082 1249 1115 1308 et
1135 1241 1246 1307 minis·

242 1353 302 1418 tris
316 1354 391 1426 suis,
408 1353 552 1420 salutem.
597 1353 746 1439 Praecipio
761 1354 903 1419 vobisut
923 1355 986 1418 cito
1011 1353 1135 1419 faciatis
1158 1352 1246 1417 reddi

242 1464 424 1529 homiuibus
440 1466 551 1529 Sancti
566 1465 742 1550 Augustini
759 1465 940 1530 vadimonia
950 1465 1005 1530 illa
1016 1488 1086 1551 quac
1095 1470 1247 1549 ceperunt

242 1577 415 1660 burgenses
438 1576 477 1640 de
502 1577 708 1641 Cantorberia
729 1598 822 1661 super
847 1599 900 1641 ecs
925 1589 1053 1660 propter
1079 1554 1243 1640 auxilium.

241 1686 327 1751 Nolo
358 1685 444 1751 euim
467 1692 504 1751 ut
537 1687 707 1752 servientes
739 1687 849 1752 Sancti
878 1686 1066 1770 Augustini,
1102 1685 1159 1772 qui
1189 1708 1246 1752 nec

242 1801 364 1875 emunt,
380 1818 437 1861 nec
456 1797 609 1877 vendunt,
625 1819 682 1862 nec
702 1803 876 1862 mercatum
896 1798 1030 1878 ducunt,
1044 1797 1164 1862 donent
1186 1798 1245 1862 hoc

242 1907 406 1972 auxilium.
452 1907 547 1971 Unde
572 1907 723 1993 quicquid
748 1914 876 1993 propter
900 1908 959 1972 hoc
983 1908 1022 1972 ab
1046 1909 1091 1973 eis
1115 1914 1245 1992 captum

243 2023 293 2084 est
306 2024 411 2083 totum
427 2017 490 2082 citu
505 2018 654 2083 reddatur
668 2018 722 2082 eis.
767 2020 813 2082 Et
826 2018 932 2083 videte
948 2041 988 2083 ne
1010 2018 1146 2103 amplius
1172 2019 1246 2084 inde

242 2129 410 2195 clamorem
439 2128 575 2193 audiam.
634 2129 727 2194 'Peste
756 2129 916 2195 Waldrico
940 2130 1135 2210 cancellario,
1161 2129 1245 2214 apud

242 2241 467 2307 Winccstviam
481 2239 516 2304 in
530 2238 662 2306 Pascha.

347 3013 485 3097 [Morus
507 3035 547 3078 cr
570 3016 620 3079 Sa.
645 3017 847 3082 Aucusrrun.
895 3013 1151 3101 1103-1106.]2

263 3184 330 3249 [The
349 3187 435 3250 kinds
452 3190 512 3238 vvrit
530 3191 680 3254 exempting
701 3191 748 3241 the
770 3192 863 3241 monks
884 3191 915 3241 cf
936 3192 976 3242 St.
994 3191 1143 3256 Augustius
1162 3190 1229 3240 from

649 3269 750 3317 ccrtain
768 3268 838 3334 toli]

247 3401 431 3485 Hammona,
460 3428 515 3470 rex
550 3407 738 3490 Anglomm,
761 3408 908 3473 omnibus
943 3406 1180 3473 vicecomitibus
1213 3415 1246 3473 et

244 3512 399 3578 ministris
414 3514 514 3578 totius
524 3516 661 3600 Augus,
671 3518 816 3584 salutem.
860 3517 1013 3602 Praecipic
1026 3524 1063 3582 ut
1075 3517 1246 3584 servientes

246 3622 356 3688 Sancti
369 3624 546 3708 Augustini
561 3625 626 3689 siut
642 3627 742 3711 quieti
757 3629 796 3693 ab
811 3629 898 3693 omni
912 3629 1058 3694 theloneo
1083 3630 1118 3694 in
1143 3627 1246 3694 omui·

243 3732 304 3796 bus
318 3755 388 3818 quae
402 3740 552 3818 poterunt
575 3735 700 3800 affidare
723 3761 755 3802 se
781 3760 882 3803 emere
908 3740 949 3803 ad
973 3740 1146 3805 dominicos
1171 3763 1246 3805 usus

245 3845 481 3909 monachorum.
538 3846 582 3910 Et
611 3845 743 3912 defendo
773 3871 813 3913 nc
842 3848 957 3936 aliquis
986 3873 1039 3916 ecs
1068 3873 1161 3935 super
1187 3852 1246 3916 hcc

243 3953 410 4020 disturbet.
456 3955 548 4021 'Peste
559 3957 720 4021 Waldrico
732 3958 926 4040 cancellario,
936 3962 1019 4045 apud
1029 3962 1245 4027 Wcstmonas·

243 4064 358 4130 terium
374 4064 408 4129 in
423 4064 539 4131 Natale
555 4067 697 4134 Domini.

326 4250 335 4282 ¹
353 4250 422 4299 Hist.
434 4251 504 4300 Mon.
516 4251 554 4300 St.
567 4252 633 4316 Aug.
651 4255 699 4304 ³58
709 4254 781 4319 (Rec.
794 4256 885 4320 Com).
1029 4259 1040 4292 ²
1057 4259 1094 4308 la
1108 4258 1165 4308 862.
