3000 4972
242 518 305 579 280
486 531 618 577 sisoim
638 530 981 609 sasso-nouusmucs.

244 685 317 747 villa
343 684 453 748 Sancti
479 683 665 763 AEdmundi‚
694 684 836 766 allegans
856 683 939 766 quod
965 681 1116 767 quioquid
1141 692 1193 744 est
1218 678 1254 741 in

243 795 318 858 villa
335 795 446 859 Sancti
461 795 648 874 AEdmundi,
664 795 714 858 vel
731 794 813 858 infra
833 792 1104 871 bannamleucam,
1120 791 1159 856 de
1176 791 1255 874 jure

245 906 353 970 Sancti
365 906 540 969 AEdmundi
556 913 622 971 est:
647 928 734 989 ergo,
746 904 794 967 vel
805 903 893 988 judei
904 905 1019 969 debent
1030 925 1096 968 esse
1104 901 1254 966 homines

246 1016 355 1079 Sancti
379 1015 565 1093 AEdmundi,
584 1015 634 1079 vel
656 1014 694 1077 dc
717 1014 793 1077 villa
815 1019 891 1077 sunt
913 1012 1053 1078 eiciendi.
1100 1012 1187 1075 Data
1202 1018 1254 1074 est

245 1148 321 1207 ergo
345 1125 481 1203 licentia,
504 1132 542 1189 ut
567 1149 618 1189 eos
642 1126 763 1204 eiceret,
791 1124 836 1187 ita
861 1131 969 1188 tamen
995 1122 1077 1207 quod
1097 1122 1255 1185 haberent

237 1238 352 1300 'omnia
375 1236 502 1309 katalla,
527 1235 645 1299 scilicet
675 1243 707 1299 et
733 1235 836 1318 precia
866 1234 1031 1299 domorum
1060 1254 1189 1297 suerum
1219 1236 1255 1294 et

247 1356 410 1411 terrarum,
456 1349 501 1410 Et
522 1369 594 1410 cum
609 1346 714 1410 emissi
737 1353 850 1424 essent,
866 1351 899 1409 et
920 1352 1042 1408 armata
1064 1365 1161 1407 manu
1174 1363 1253 1405 con·

247 1458 334 1521 ducti
350 1457 389 1521 ad
404 1456 526 1521 ‹liversa
540 1457 664 1540 oppida,
680 1455 776 1518 abbas
787 1455 884 1538 jussit
899 1453 1111 1538 sollempniter
1126 1475 1254 1517 excom-

249 1567 401 1631 municari
418 1591 471 1650 per
486 1589 595 1631 omnes
617 1565 761 1631 ecclesias
783 1572 816 1629 et
836 1565 876 1628 ad
892 1566 998 1628 omnia
1014 1563 1125 1628 alteru
1141 1586 1256 1627 omnes

249 1679 330 1755 illos
346 1679 399 1761 qui
415 1678 453 1741 de
469 1682 570 1741 cetero
586 1683 780 1760 receptareut
800 1675 909 1759 judeos
925 1675 974 1739 vel
991 1675 1024 1737 iu
1040 1673 1180 1758 hospicio
1205 1696 1255 1737 re-

250 1787 389 1870 ciperent
405 1787 436 1850 in
455 1786 530 1849 villa
546 1786 655 1849 Sancti
672 1785 858 1849 AEdmundi.
905 1785 999 1850 Quod
1020 1792 1128 1850 tamen
1144 1790 1257 1869 postea

251 1897 466 1980 dispensatum
482 1901 530 1958 est
545 1918 599 1979 per
610 1894 801 1977 justiciarios
817 1895 910 1977 regis,
926 1894 1055 1973 seilicet,
1074 1899 1110 1957 ut
1125 1892 1154 1956 si
1164 1891 1256 1976 judei

252 2006 396 2070 venerint
411 2006 450 2068 ad
467 2028 582 2087 magna
599 2004 715 2087 placita
730 2005 851 2068 abbatis
874 2004 912 2067 ad
933 2004 1124 2088 exigendum
1147 2002 1258 2067 debita

253 2138 307 2177 soa
324 2138 342 2177 a
357 2113 551 2177 debitoribus
566 2113 641 2190 suis,
657 2114 782 2177 subhac
798 2115 956 2178 occasione
972 2121 1118 2198 poterunt
1132 2113 1258 2177 duobus

254 2225 363 2288 dicbus
378 2231 410 2287 ct
427 2224 472 2287 11.
490 2224 636 2288 noctibus
652 2225 803 2309 hospitari
820 2225 956 2304 invilla,
972 2224 1067 2289 tercio
1082 2232 1189 2290 autem
1204 2225 1258 2290 die

256 2335 349 2398 libcrc
364 2334 532 2397 disccdcnt.
980 2315 984 2321 ¹

265 3052 371 3134 [Esau
385 3070 424 3113 or
446 3051 556 3113 eamn
573 3075 599 3113 o.
616 3053 730 3114 Assos
752 3070 791 3114 or
815 3051 866 3114 Sc.
884 3051 1039 3115 Ennoea.
1087 3055 1260 3119 Psosssnr

629 3183 735 3226 asour
761 3162 890 3244 llao.]¹
955 3212 958 3217 ,

261 3308 327 3371 [Tho
336 3308 452 3368 plaintiff
459 3326 518 3358 sues
531 3313 569 3359 ior
581 3309 681 3372 alleged
690 3308 785 3356 annual
798 3309 862 3356 dues
875 3308 904 3356 of
910 3309 1092 3373 iireshillings,
1100 3315 1217 3362 asserted
1226 3316 1262 3379 by

325 3386 378 3431 him
387 3392 414 3430 to
424 3385 455 3432 bs
464 3387 580 3451 unjustly
589 3386 711 3434 detained
721 3407 727 3443 ς
740 3387 784 3432 the
793 3401 885 3447 money
895 3387 973 3449 being
980 3387 1031 3435 due
1038 3388 1078 3435 sor
1088 3391 1210 3454 carrying
1216 3393 1262 3441 the

327 3461 490 3508 defendant’s
499 3465 625 3512 standard
634 3465 660 3509 in
670 3478 731 3509 war·
756 3463 810 3508 Tbe
819 3463 960 3511 defendant
968 3466 1061 3526 replies
1071 3466 1129 3514 that
1139 3467 1184 3517 the
1190 3471 1262 3519 office

326 3538 355 3585 oi
370 3538 596 3588 standard-bearer
608 3545 635 3587 to
648 3540 687 3586 St.
701 3538 820 3585 Edmund
831 3540 854 3586 is
865 3541 921 3588 also
930 3542 1038 3590 claimed
1047 3543 1082 3605 by
1095 3544 1178 3607 Roget
1187 3548 1264 3610 Bigot

326 3618 377 3664 aad
387 3616 498 3663 Thomas
507 3616 538 3664 de
550 3617 697 3672 Mendham,
710 3614 762 3662 aud
774 3615 865 3664 insiste
877 3617 936 3666 that
943 3618 988 3667 the
999 3620 1116 3682 plaintiff
1123 3631 1194 3673 must
1206 3627 1264 3675 first

327 3693 471 3753 intcrplead
484 3693 529 3741 tho
541 3698 637 3741 matter
649 3693 712 3739 with
726 3691 818 3754 them]

266 3818 371 3880 Facis
384 3820 432 3877 est
444 3812 650 3877 summonicio
663 3833 782 3893 magna
798 3811 829 3873 in
842 3813 1003 3878 hundredo
1015 3815 1052 3880 de
1064 3818 1265 3906 Risebrigga,

264 3935 303 3989 ut
326 3925 486 3988 audiretur
510 3925 634 4009 quercla
656 3930 689 3987 et
714 3928 832 3985 ructum
857 3924 981 3987 (³0mlfis
1004 3926 1042 3989 (le
1068 3928 1159 3994 Clara
1182 3938 1265 4017 apud

265 4038 421 4103 Witham.
476 4037 548 4120 Ipse
575 4059 646 4100 vero
676 4033 871 4117 constipatus
901 4035 1011 4099 multis
1037 4037 1206 4109 baronibus
1234 4055 1268 4112 et

456 4226 462 4257 ¹
483 4223 576 4271 Chron.
590 4225 645 4272 Joo.
658 4223 688 4271 de
701 4222 802 4270 Brakcl.
814 4222 845 4268 41
860 4220 982 4279 [Caniden
996 4223 1074 4286 Soa).
