3000 4972
660 544 832 590 Auernum.
1184 530 1245 591 319

243 747 338 786 rrum
358 746 396 786 DE
414 745 622 786 sennensem
641 744 861 783 nacconn'mns
884 744 985 782 UTRUM
1000 744 1090 783 PATER
1112 744 1247 791 Minonis,

313 837 426 877 conclu
444 835 528 884 QUEM
542 834 626 872 etms
640 833 722 872 PETIT
735 833 980 872 BECOGNITIONEM
996 833 1032 870 DE
1049 833 1146 871 MORTE
1160 833 1248 871 ANTE·

313 919 767 970 cassoels,ssrs1rvscccmus
785 920 895 967 utiquo
914 920 1094 958 TENEMENTO
1114 920 1165 958 ms
1184 921 1245 967 QUA

314 1013 402 1058 OBIIT,
415 1010 453 1049 Ur
466 1010 503 1048 DE
517 1009 611 1048 FEODO
624 1008 681 1046 vm.
693 1008 731 1046 UT
743 1008 780 1046 DE
794 1007 912 1046 WARDA.

280 1119 336 1174 Rex
348 1115 495 1171 vicecomiti
508 1113 628 1168 salutem.
659 1113 802 1166 Summone
816 1111 957 1182 perbonos
970 1112 1173 1167 summonitores
1185 1111 1249 1166 duo·

244 1207 327 1261 decim
339 1203 434 1259 liberos
447 1207 474 1256 et
486 1201 582 1272 legales
595 1199 715 1254 homines
728 1199 760 1254 de
773 1199 889 1253 vicineto
903 1198 934 1253 dc
954 1198 1000 1252 illa
1016 1198 1089 1263 vilia,
1108 1199 1176 1270 quoi
1195 1199 1251 1252 sint.

244 1311 332 1349 eoram
344 1309 387 1345 me
399 1289 440 1344 vel
454 1288 571 1360 justiciis
583 1287 649 1342 meis
662 1286 695 1340 ed
714 1286 791 1341 illum
810 1286 957 1341 terminum
980 1287 1066 1357 parati
1087 1294 1251 1341 sacmmonto

244 1395 434 1450 recognoscere,
454 1375 477 1430 si
500 1376 531 1429 R.
554 1379 629 1445 pater
649 1374 684 1428 N.
706 1373 752 1445 qui
770 1373 841 1427 infra
859 1378 958 1428 etatem
973 1378 1023 1436 est,
1036 1373 1143 1427 seisitus
1156 1372 1208 1427 fuit
1221 1372 1249 1426 in

245 1464 377 1522 dominico
389 1481 437 1517 suo
449 1462 547 1516 deuna
567 1466 689 1515 carucata
708 1467 776 1514 terre
799 1460 827 1513 in
849 1459 895 1514 illa
907 1459 979 1524 villu,
994 1459 1062 1514 unde
1082 1460 1120 1513 111.
1135 1458 1205 1513 tilius
1224 1465 1251 1514 et

246 1554 321 1608 heres
340 1552 370 1606 Τ.
385 1550 455 1621 petit
472 1549 678 1619 recognitionem
700 1548 732 1601 dc
752 1552 836 1602 morte
857 1547 941 1617 ipsius
960 1548 991 1602 Τ.
1006 1548 1090 1618 patris
1103 1547 1145 1601 sui
1158 1566 1250 1601 versus

246 1642 332 1712 ipsum
357 1637 392 1692 N.
416 1642 445 1691 ut
470 1636 502 1691 de
525 1636 600 1690 feodo
624 1654 672 1689 suo
690 1635 740 1698 die,
761 1653 812 1706 que
832 1633 900 1688 obiit
912 1635 953 1688 vol
973 1638 1002 1688 ut
1028 1634 1061 1688 de
1080 1633 1176 1687 warda.
1212 1635 1251 1688 Et

246 1727 355 1782 nomina
366 1743 457 1780 eorum
467 1723 616 1778 imbreviari
631 1722 718 1777 facias.
756 1722 794 1775 Et
805 1740 944 1776 summone
957 1721 1092 1792 perbonos
1102 1721 1250 1775 summoni-

247 1819 318 1868 tores
330 1810 479 1884 predictum
493 1811 529 1864 N.
542 1810 587 1881 qui
605 1815 703 1864 terram
719 1808 793 1864 illam
810 1814 883 1864 tenet
902 1809 972 1879 quod
992 1814 1056 1864 tunc
1068 1809 1104 1864 sit
1122 1808 1160 1865 ibi
1176 1807 1251 1863 audi·

247 1905 324 1955 turus
337 1898 410 1953 illum
423 1897 639 1968 recognitionem.
669 1897 705 1951 Et
718 1896 874 1951 habeasetc.
900 1896 959 1952 Lib.
974 1899 1051 1959 lac.
1067 1899 1109 1951 14.

250 2176 344 2216 BBEVB
363 2176 401 2215 DE
420 2175 629 2215 sennensem
648 2174 868 2215 accocmmons
887 2174 925 2214 ΒΕ
944 2175 1065 2214 omme
1091 2175 1251 2215 Passenn-

571 2261 709 2302 moremus
728 2262 933 2302 PERBOMBUH.

285 2352 343 2406 Rex
356 2351 503 2406 vicecomiti
519 2350 641 2405 salutem.
666 2352 810 2405 Summone
822 2369 869 2421 per
881 2351 963 2405 bonos
972 2350 1176 2406 summonitores
1188 2350 1252 2405 dnn

250 2439 333 2494 decim
346 2438 442 2494 liberos
454 2442 482 2493 et
494 2437 592 2509 legales
610 2437 733 2493 homines
743 2439 775 2493 de
787 2438 904 2493 vicineto
921 2438 953 2493 de
968 2438 1031 2492 villa
1044 2438 1098 2501 illa,
1116 2438 1186 2509 quod
1199 2439 1254 2492 siut

249 2545 336 2581 coram
349 2545 392 2581 me
410 2525 451 2581 vel
467 2526 584 2596 justiciis
607 2526 672 2581 meis
694 2544 724 2580 eo
736 2526 779 2580 die
801 2526 886 2597 parati
907 2530 1071 2580 sacramento
1092 2543 1253 2596 cognoscere,

250 2606 310 2683 quis
318 2613 460 2668 advocatus
472 2613 634 2684 presentavit
642 2612 764 2666 ultimam
773 2630 920 2684 personam,
929 2629 980 2681 que
990 2610 1064 2672 obiit,
1073 2610 1106 2664 ad
1117 2611 1252 2666 ecclesiam

250 2701 282 2756 de
294 2700 341 2754 illa
353 2699 423 2762 vilia,
434 2717 485 2769 quc
499 2717 594 2752 vocans
607 2704 656 2761 est,
674 2703 704 2752 ut
723 2698 830 2760 dicitur,
852 2704 879 2752 et
893 2698 962 2751 unde
973 2697 1010 2750 N.
1030 2696 1125 2751 clamat
1145 2697 1253 2753 advoca·

250 2784 360 2838 tionem.
396 2781 433 2835 Et
445 2780 554 2834 nomina
566 2798 657 2833 eorum
670 2779 821 2834 imbrevinri
835 2780 915 2832 facins
925 2784 952 2833 et
965 2797 1104 2833 summoue
1116 2779 1253 2849 perbonos

251 2867 456 2926 summonitores
476 2867 507 2921 R.
527 2867 572 2938 qui
593 2867 818 2937 presentationem
840 2867 925 2936 ipsam
945 2865 1078 2929 deforciat,
1098 2867 1168 2937 quod
1187 2872 1252 2923 tunc

251 2958 288 3012 sit
311 2955 349 3011 ibi
373 2954 513 3010 auditurus
539 2954 611 3007 illam
637 2953 851 3024 recognitionem.
878 2953 916 3007 Et
939 2953 1036 3008 habeas
1061 2958 1111 3008 etc.
1151 2954 1182 3007 T.
1202 2962 1250 3010 etc.

252 3045 310 3101 Lib.
326 3044 367 3107 13,
379 3060 400 3097 c.
415 3045 456 3097 19.

306 3294 401 3334 BBBVB
420 3294 458 3333 DE
476 3292 684 3332 SUHONENDA
703 3291 931 3341 accederemus,
950 3293 1052 3332 UTBU!
1070 3293 1202 3342 mocon

382 3380 588 3421 TENBHBNTUM
607 3379 652 3417 slr
670 3379 782 3417 metm
801 3379 858 3418 VEL
876 3379 1131 3420 scctnsrssrlcuu.

289 3500 346 3555 Rex
369 3498 518 3555 vicecomiti
543 3496 666 3553 salutem.
703 3496 848 3551 Summone
873 3517 918 3568 per
943 3497 1025 3552 bonos
1049 3497 1254 3554 summonitores

252 3586 389 3641 duodecim
402 3585 496 3641 liberos
514 3590 541 3640 et
554 3584 651 3655 legales
663 3584 784 3639 homines
803 3583 835 3637 de
853 3584 967 3638 vicinetc
984 3584 1017 3639 de
1036 3583 1082 3638 ills
1100 3584 1171 3648 villa,
1183 3584 1255 3655 quod

253 3673 309 3727 sint
330 3690 418 3727 coram
440 3690 483 3727 me
501 3671 543 3726 vel
559 3671 679 3741 justiciis
698 3669 765 3725 meis
783 3689 814 3723 eo
829 3669 872 3724 die
886 3670 972 3741 parati
989 3674 1153 3726 sacramento
1165 3690 1254 3741 recog-

254 3776 365 3823 noscere,
378 3764 470 3812 utrum
482 3775 536 3811 uua
545 3757 609 3811 hida
620 3761 698 3822 terre,
710 3776 791 3828 quam
802 3758 837 3812 N.
851 3777 962 3830 persona
974 3757 1081 3815 ecclesie
1093 3758 1125 3811 de
1135 3756 1182 3812 iile
1191 3757 1256 3813 villa

252 3846 350 3900 clamat
362 3844 395 3899 ad
408 3844 517 3899 liberam
529 3843 709 3914 elemosynam
727 3844 812 3914 ipsius
824 3845 930 3899 ecclesie
946 3865 993 3901 sue
1008 3865 1100 3900 versus
1114 3848 1147 3901 R.
1161 3848 1188 3901 in
1208 3849 1256 3903 illa

253 3933 326 3996 villa,
339 3932 376 3986 sit
393 3931 489 3984 laicum
507 3929 616 3984 feodum
634 3930 718 4000 ipsius
737 3931 770 3984 R.
789 3949 823 3984 an
843 3931 949 3985 feodum
967 3931 1180 3987 ecclesiasticum.
1218 3936 1255 3990 Et

253 4017 362 4072 interim
379 4021 477 4070 terram
496 4015 569 4069 illam
590 4014 699 4069 videant
719 4020 749 4070 et
770 4016 880 4070 nomina
899 4036 989 4071 eorum
1006 4018 1148 4072 inbreviari
1166 4020 1254 4075 facias.

254 4105 291 4158 Et
310 4119 448 4157 summone
467 4119 515 4172 per
533 4101 616 4156 bonos
637 4101 840 4156 summonitores
864 4102 1012 4173 predictum
1034 4104 1066 4157 R.
1086 4105 1133 4175 qui
1157 4109 1255 4162 terrem

253 4190 324 4244 illam
339 4191 421 4250 tenet,
442 4187 512 4258 quod
526 4191 590 4243 tunc
608 4185 644 4240 sit
662 4186 700 4240 ibi
717 4186 857 4241 auditurus
875 4188 949 4242 illam
966 4190 1181 4260 recognitionem.
1219 4194 1257 4248 Et

254 4276 351 4331 habeas
363 4275 400 4329 ibi
413 4279 462 4328 etc.
496 4274 526 4327 Τ.
540 4284 588 4328 etc.
626 4272 686 4328 Lib.
700 4274 741 4337 13,
755 4293 776 4327 c.
788 4275 832 4328 ec.
