3000 4972
283 540 345 602 316
700 555 870 601 srenunrx.

282 711 351 781 quod
374 710 428 780 ipae
450 708 473 761 ei
495 708 594 777 injuste
616 709 743 763 desoreiat
764 713 791 762 et
810 710 862 762 nisi
885 709 985 772 fecerit,
1008 729 1146 764 summoue
1166 729 1226 765 enm
1246 730 1294 782 per

281 798 363 852 bonos
384 796 596 860 summonitores,
618 796 688 867 quod
710 797 746 850 sit
766 814 853 850 corum
873 815 916 850 me
935 796 977 851 vel
993 796 1112 866 justiciis
1132 798 1199 852 meis
1216 799 1287 869 apud

283 883 549 938 westmonasterium
569 902 585 937 e
602 883 691 937 clauso
709 883 808 937 Pasche
828 883 855 936 in
874 883 1024 954 quindecim
1042 884 1106 948 dies,
1125 890 1290 949 ostensurus,

282 988 362 1042 quere
376 987 429 1022 nou
444 968 544 1022 feccrit.
570 970 606 1024 Et
620 969 717 1024 hebees
729 969 766 1024 ibi
780 970 986 1025 summonitores
999 969 1085 1025 etheo
1098 970 1185 1026 breve.
1210 972 1291 1026 'Peste

282 1061 331 1112 etc.
369 1055 428 1110 Lib.
443 1057 484 1119 10,
498 1075 519 1109 e.
532 1056 558 1110 2.

283 1303 378 1342 Bnnvu
398 1304 435 1343 DE
455 1304 662 1343 sennonem
682 1304 789 1342 Pnnolo
808 1304 969 1353 DEBITOBIS,
989 1305 1071 1352 Quen
1096 1305 1209 1344 BEDDAT
1230 1305 1290 1344 PRO

614 1391 660 1435 Bo,
673 1392 699 1429 SI
713 1392 776 1429 IPSE
787 1391 958 1430 nnuncnnln.

321 1491 378 1546 Rex
392 1491 540 1545 vicecomiti
552 1491 673 1546 salutern.
710 1490 817 1562 Precipe
829 1491 866 1546 N.
879 1491 949 1562 quod
956 1493 1030 1563 juste
1044 1496 1071 1547 ct
1089 1492 1147 1546 sine
1160 1491 1290 1548 dilutione

284 1574 416 1645 acquietet
430 1575 462 1629 R.
482 1573 515 1627 dc
527 1578 634 1628 centum
655 1573 750 1627 marcis
764 1592 854 1627 versus
875 1573 910 1628 N.
924 1574 993 1628 unde
1011 1593 1072 1628 eum
1091 1568 1245 1644 oplegierit
1259 1581 1291 1630 ut

284 1662 357 1724 dicit,
375 1666 403 1716 et
421 1661 490 1715 unde
514 1661 641 1732 queritur,
663 1661 733 1730 quod
758 1680 817 1715 eum
838 1679 891 1714 non
913 1661 1077 1733 acquietavit
1098 1661 1168 1725 inde,
1187 1667 1214 1717 et
1236 1663 1291 1718 nisi

283 1745 382 1809 fecerit,
392 1763 533 1798 summoue
546 1763 607 1799 eum
620 1763 666 1814 per·
678 1743 760 1799 bonon
773 1743 979 1798 summonitores
991 1747 1041 1798 etc.
1079 1744 1139 1799 Lib.
1154 1747 1196 1808 10,
1208 1764 1231 1800 c.
1244 1749 1271 1800 4.

285 2008 381 2047 nem
413 2009 451 2047 DB
481 2008 691 2048 BUMNONENDO
722 2008 867 2047 nnnl'rome
893 2008 931 2065 DN
961 2008 1051 2047 vs1>10
1081 2009 1290 2056 Acqnlemno

319 2091 430 2129 VERSUS
443 2091 632 2130 emmonem
646 2092 733 2139 Quum
747 2091 909 2129 TBBHINUM
923 2091 1073 2130 surorum
1088 2092 1252 2131 eumenum

322 2203 379 2256 Rex
392 2202 541 2256 vicecomiti
555 2202 676 2257 salutem.
715 2203 823 2272 Precipe
835 2203 872 2256 N.
885 2203 955 2274 quod
964 2203 1039 2274 juste
1052 2208 1079 2259 et
1091 2203 1148 2259 eine
1160 2203 1289 2260 dilatione

283 2288 400 2360 aquietet
409 2308 464 2342 rem
478 2289 559 2353 illam,
572 2308 651 2360 quum
665 2289 814 2343 invadiavit
827 2291 857 2344 R.
872 2309 918 2361 pro
930 2296 1038 2346 centum
1050 2292 1146 2346 mercis
1156 2310 1240 2364 usquc
1252 2294 1288 2348 nd

284 2375 436 2438 torminum,
450 2376 495 2446 qui
508 2376 638 2447 preteriit,
652 2381 683 2430 ut
695 2375 769 2439 dicit,
782 2383 809 2431 et
825 2377 895 2431 unde
908 2377 1037 2448 queritur,
1050 2379 1120 2450 quod
1138 2397 1198 2434 enm
1219 2398 1284 2434 non-

283 2464 347 2519 dum
366 2465 542 2534 acquietavit;
562 2469 589 2518 et
602 2464 654 2518 nisi
667 2464 759 2520 fecerit
770 2470 819 2520 etc.
856 2465 915 2521 Lib.
931 2467 973 2530 10,
987 2485 1008 2520 c.
1023 2466 1047 2523 7.

284 2725 379 2764 unm
393 2725 430 2764 mr
444 2724 535 2764 RECTO
549 2725 604 2763 PRO
617 2724 796 2764 menexemo
816 2724 923 2763 LIBERO
942 2725 980 2763 ΔΙ)
1001 2725 1154 2773 nomeu,
1169 2725 1206 2764 DE
1225 2725 1287 2772 Quo

617 2813 685 2862 QUIS
700 2813 814 2852 enum
826 2813 950 2852 TENEBR.

319 2935 375 2989 Rex
388 2935 479 2989 comiti
494 2935 535 2988 W.
547 2934 668 2989 sulutem.
705 2935 825 3006 Precipio
837 2936 896 2998 tibi,
910 2936 979 3006 quod
993 2937 1050 2990 sine
1063 2935 1287 2990 dilutioncteneas

282 3020 390 3092 plenum
412 3028 513 3076 rectum
534 3023 570 3076 N.
591 3022 623 3077 de
652 3023 740 3076 decem
770 3023 900 3077 carucatis
919 3028 988 3078 terre
1009 3024 1037 3076 in
1060 3022 1201 3086 Midelton,
1221 3041 1288 3094 quas

282 3109 380 3163 clamat
399 3113 487 3163 tenere
505 3108 580 3163 dete
604 3127 650 3179 per
671 3109 783 3163 liberum
803 3111 945 3165 servitium
957 3116 1063 3166 centum
1076 3110 1221 3164 solidorum
1240 3129 1288 3181 per

282 3214 382 3249 unnum
396 3215 443 3266 pro
455 3195 528 3250 omni
541 3196 651 3250 servicio
665 3196 705 3250 vei
718 3216 764 3267 per
776 3196 889 3252 liberum
904 3197 1042 3252 servitium
1061 3197 1132 3252 unde
1150 3197 1286 3252 duodecim

283 3286 404 3337 curucete
426 3288 495 3336 terre
509 3283 610 3337 iaciunt
623 3283 727 3338 feodum
747 3284 828 3339 unius
849 3285 942 3340 militis
962 3304 1009 3356 pro
1021 3285 1094 3338 omni
1115 3285 1231 3349 servitio,
1244 3286 1286 3341 vel

282 3389 349 3439 quus
369 3370 467 3423 elamet
485 3370 617 3439 pertinere
636 3372 668 3425 nd
682 3371 794 3425 liberum
815 3379 998 3427 tenementum
1020 3392 1107 3436 suum,
1120 3373 1189 3443 quod
1208 3372 1241 3428 de
1261 3378 1288 3427 te

283 3459 358 3510 tenet
382 3455 410 3508 in
436 3454 525 3509 eudem
545 3457 654 3510 villain
675 3459 795 3512 Mortum
816 3478 862 3528 per
883 3458 995 3514 liberum
1015 3461 1154 3515 servitium
1175 3467 1223 3517 etc.
1244 3461 1287 3516 vel

283 3561 330 3613 per
351 3541 488 3595 seruitium
509 3547 558 3596 eto.
579 3542 620 3596 vel
640 3562 705 3613 quus
724 3544 820 3599 clamet
840 3551 929 3601 tenere
947 3546 979 3601 de
1000 3553 1027 3601 te
1051 3548 1083 3601 de
1106 3548 1190 3603 libero
1208 3549 1287 3602 muri·

283 3628 357 3697 tegio
377 3629 416 3682 Μ.
437 3629 530 3683 matris
552 3648 607 3692 sue,
631 3630 670 3683 vel
691 3630 719 3683 in
740 3630 852 3685 liberum
875 3633 1044 3703 burgagium,
1067 3635 1107 3689 vei
1128 3636 1155 3688 in
1177 3635 1287 3690 liberam

283 3716 460 3788 elemosynam
481 3716 522 3770 vel
542 3735 589 3788 per
611 3716 723 3771 liberum
745 3718 884 3773 servitium
903 3720 983 3774 eundi
1001 3726 1087 3776 tecum
1101 3722 1128 3776 in
1143 3723 1286 3779 exercitum

282 3805 384 3859 domini
397 3804 467 3874 regis
480 3824 539 3859 curn
553 3802 654 3857 duobus
667 3806 740 3876 equis
762 3805 795 3859 ud
815 3813 921 3860 custum
940 3828 1019 3862 suum
1033 3828 1080 3880 ρτο
1094 3811 1166 3865 omni
1179 3811 1288 3867 servitio

283 3893 324 3948 vel
338 3911 384 3964 per
403 3892 513 3947 liberum
533 3892 671 3946 servitium
692 3893 842 3948 inveniendi
862 3895 911 3949 tibi
930 3915 1014 3950 unum
1035 3897 1236 3952 arbelustnrium
1257 3899 1286 3953 in

283 3981 425 4035 exercitum
439 3980 540 4034 domini
553 3980 623 4052 regis
636 4000 681 4052 per
693 3981 871 4052 quadraginta
880 3983 934 4036 dies
946 4002 994 4053 ρτο
1006 3984 1079 4038 omni
1092 3985 1209 4048 servitio,
1222 4004 1288 4055 quus

284 4069 318 4122 N.
331 4067 401 4121 filius
414 4068 457 4120 W.
470 4068 493 4120 ei
506 4067 641 4122 deforciat.
671 4068 709 4123 Et
721 4069 775 4122 nisi
784 4069 882 4132 feceris,
896 4070 1038 4125 vicecomes
1048 4071 1286 4143 deNorthemptun

283 4154 373 4219 faciat,
395 4174 427 4209 ne
449 4155 563 4226 emplius
582 4157 720 4210 clamorem
741 4158 846 4212 audium
861 4178 909 4230 pro
922 4159 1023 4213 defectu
1038 4159 1157 4230 justicie.
1195 4161 1224 4216 Τ.
1237 4166 1286 4217 etc.

283 4241 342 4295 Lib.
359 4244 400 4306 12,
414 4263 435 4296 c.
449 4244 474 4296 3.
