3000 4972
665 567 838 614 arrnrnrr.
1184 553 1246 615 317
1334 644 1340 654 ι

335 777 431 816 BRBVE
451 777 489 816 DE
509 776 600 816 BRUTO
619 777 675 816 PRO
695 777 825 816 nnnmru
844 777 950 817 blumio
970 779 1008 817 An
1027 779 1162 818 EUNDEM.

282 876 339 930 Rex
353 876 389 930 N.
401 875 523 931 salutem.
549 876 669 946 Precipio
680 877 740 940 tibi,
753 877 822 947 quod
835 877 891 932 eine
899 878 1025 933 dilutione
1033 879 1141 950 plenum
1150 887 1250 936 rectum

245 967 336 1018 teneus
357 963 393 1017 N.
405 964 436 1017 de
460 968 567 1017 centum
589 964 708 1017 solidatis
730 964 848 1019 redditur
863 964 891 1018 in
909 965 973 1019 villa
990 966 1045 1030 illa,
1066 985 1145 1037 quam
1157 967 1254 1023 clamat

245 1054 334 1104 tenere
361 1051 393 1104 de
415 1055 441 1105 te
466 1069 512 1120 per
533 1050 648 1105 liberum
669 1050 809 1105 servitium
837 1056 886 1107 etc.
912 1052 953 1106 vel
973 1071 1019 1122 per
1042 1053 1182 1109 servitium
1204 1061 1252 1112 ete.
1312 1061 1314 1066 '

245 1137 283 1191 Et
294 1136 346 1190 nisi
358 1136 462 1200 feceris,
476 1138 619 1193 vicecomes
632 1137 734 1193 Oxonie
751 1137 839 1202 saciat,
853 1157 886 1193 ne
898 1139 1012 1208 emplius
1033 1139 1096 1194 inde
1112 1140 1251 1197 clamorem

246 1223 351 1278 audiam
365 1242 412 1294 pm
425 1222 531 1278 defectu
543 1223 618 1278 recti.
655 1224 686 1278 Τ.
700 1228 749 1279 ete.
780 1224 840 1279 Lib.
855 1227 897 1289 12,
911 1244 932 1281 c.
942 1227 967 1279 4.

299 1516 394 1554 BBBVB
413 1511 454 1554 DE
471 1515 562 1554 BECTO
582 1515 637 1554 PRO
656 1514 836 1554 Taurunum
855 1515 912 1554 VBIr
932 1515 1062 1555 annmru
1082 1516 1197 1556 LIBERO.

282 1605 338 1659 Rex
349 1606 382 1659 R.
390 1604 513 1660 salutem.
539 1604 658 1675 Precipio
670 1603 729 1668 tibi,
742 1603 812 1675 quod
820 1603 895 1675 juste
908 1608 935 1658 et
947 1604 1004 1659 eine
1014 1603 1140 1660 diletione
1154 1605 1251 1661 habere

246 1691 326 1745 sacius
338 1692 374 1746 N.
387 1696 415 1746 et
427 1694 460 1746 A.
473 1691 615 1756 uxorisne,
628 1691 814 1745 rationabilem
835 1695 938 1762 partem
957 1710 1042 1757 suam,
1061 1711 1111 1762 que
1130 1711 1173 1747 eoa
1191 1712 1252 1747 eon·

246 1779 329 1850 tingit
340 1778 372 1833 de
391 1798 444 1833 uuo
466 1779 602 1850 mesuagio
624 1778 652 1832 iu
674 1777 719 1835 illo
741 1777 812 1842 villa,
832 1796 913 1849 quam
934 1778 1050 1834 clamant
1070 1778 1200 1850 pertinere
1218 1780 1253 1834 nd

245 1865 358 1920 liberum
372 1870 553 1920 tenementum
567 1885 653 1930 auum,
666 1865 737 1936 quod
750 1869 842 1920 tenent
860 1865 892 1920 de
915 1865 1022 1920 domino
1040 1884 1102 1937 rege
1120 1866 1149 1920 in
1161 1867 1252 1921 eadem

245 1952 310 2007 villa
331 1973 377 2025 per
397 1953 510 2008 liberum
531 1953 667 2008 servitium
683 1953 795 2007 duorum
815 1952 960 2007 solidorum
980 1972 1026 2024 per
1045 1972 1252 2018 normannum,

245 2040 289 2094 vel
306 2039 337 2094 de
359 2059 415 2095 uno
436 2044 553 2096 marcata
575 2040 693 2095 redditus
711 2040 739 2094 in
752 2040 799 2094 illa
811 2040 883 2104 villa,
896 2059 976 2112 quem
989 2041 1105 2095 clamant
1116 2041 1149 2096 de
1172 2041 1254 2097 libero

244 2127 387 2197 maritagio
408 2127 491 2198 ipsius
504 2128 538 2182 A.
552 2128 621 2181 unde
645 2133 802 2198 queruntur,
821 2127 891 2197 qnod
911 2127 942 2181 Β,
963 2145 1036 2181 soror
1054 2127 1138 2198 ipsius
1156 2128 1192 2183 A.
1213 2130 1252 2184 eis

244 2213 381 2277 deforciat,
407 2214 449 2269 vel
473 2234 552 2286 quam
578 2214 610 2269 G.
629 2215 667 2269 eia
685 2214 820 2269 deforciat.
857 2213 895 2268 nt
920 2213 972 2268 uisi
991 2215 1088 2278 feceris,
1108 2215 1252 2270 vicecomes

244 2300 324 2355 iaciat
336 2319 369 2354 ne
381 2301 495 2373 amplius
507 2306 611 2374 oportet
622 2301 683 2357 inde
696 2301 819 2372 conqueri
832 2319 880 2372 pro
892 2300 994 2356 defectu
1004 2301 1121 2372 justicie.
1158 2303 1189 2357 Τ.
1202 2307 1251 2358 etc.

244 2387 304 2442 Lib.
320 2389 361 2452 12,
374 2407 395 2442 c.
408 2390 433 2444 5.

257 2729 353 2768 Bnuvss
372 2729 410 2768 1)ss
430 2728 519 2768 BECTO
540 2730 577 2767 DE
597 2729 658 2768 NON
678 2729 818 2768 rumbo
837 2729 973 2768 ranam
992 2729 1143 2769 INDBBITIS
1162 2729 1231 2768 CON-

526 2816 742 2856 SUBTUDINIBUS
759 2817 793 2854 ΒΤ
812 2816 966 2854 suamne.

281 2907 339 2960 Rex
351 2904 386 2959 N.
400 2903 520 2959 salutem.
560 2903 690 2959 Prohibeo
703 2903 761 2968 tibi,
780 2923 812 2959 ne
826 2903 926 2974 injuste
939 2921 1017 2958 voxee
1030 2903 1072 2958 vel
1091 2904 1179 2958 vexari
1192 2923 1249 2975 per-

245 2995 337 3049 mittas
350 2993 388 3048 H.
401 2978 433 3048 de
446 2992 529 3048 libero
541 2996 692 3048 tenemento
704 3010 761 3056 auo,
774 2991 844 3064 quod
863 2995 938 3046 tenet
958 2991 991 3046 de
1011 2996 1037 3046 te
1059 2992 1087 3045 in
1108 2991 1154 3045 ilio
1167 2991 1248 3056 villa;

243 3101 291 3137 nec
303 3082 364 3137 inde
377 3082 410 3135 eb
422 3100 452 3135 eo
465 3080 555 3151 exigas
566 3080 609 3135 vel
621 3079 692 3151 exigi
705 3080 843 3150 permittes
862 3078 1064 3134 consuetudines
1077 3078 1120 3133 vel
1133 3079 1250 3143 servitia,

244 3189 295 3243 que
308 3170 358 3225 tibi
370 3170 433 3225 inde
451 3170 533 3224 fecere
551 3187 605 3223 non
624 3168 710 3233 debet,
722 3167 765 3222 vel
783 3186 833 3238 qne
853 3171 1030 3222 antecessores
1051 3167 1093 3222 sui
1113 3167 1174 3222 inde
1195 3187 1249 3222 non

244 3258 374 3321 fecerunt,
388 3276 435 3312 nee
447 3257 530 3311 iacere
548 3256 693 3311 debuerant
704 3260 822 3325 tempore
835 3255 872 3310 H.
886 3255 965 3324 regia,
987 3254 1030 3308 avi
1050 3254 1109 3308 mei.
1141 3255 1179 3309 Et
1196 3254 1249 3309 uici

242 3345 342 3410 seceris,
354 3344 498 3399 vicecomee
510 3343 596 3408 faciet,
609 3362 643 3398 ne
655 3347 760 3414 oportet
773 3360 833 3396 eum
845 3341 962 3413 amplius
982 3341 1044 3397 inde
1062 3342 1186 3412 conqueri
1199 3347 1248 3399 etc.

245 3435 276 3489 Τ.
290 3435 339 3489 etc.
371 3432 431 3488 Lib.
446 3433 489 3497 12,
501 3450 523 3487 e.
537 3433 579 3485 10.

478 3756 575 3795 Bam
594 3756 632 3795 DE
651 3754 769 3793 remum
789 3755 823 3792 ΒΤ
844 3754 1002 3794 enomere.

279 3861 337 3914 Rex
347 3859 495 3915 vicecomiti
502 3860 624 3915 salutem.
652 3860 772 3931 Precipio
784 3860 842 3924 tibi,
857 3861 926 3931 qnod
935 3859 1008 3930 juste
1020 3863 1048 3914 et
1057 3858 1248 3915 sinediiatione

242 3947 323 4002 facias
335 3946 431 4002 habere
444 3946 482 4001 Μ.
497 3947 531 4001 R.
544 3947 666 4000 nativum
680 3965 759 4000 auum
773 3950 800 4001 et
812 3946 956 4017 fugitivum
969 3965 1048 3999 auum
1056 3965 1115 4000 cum
1126 3947 1248 4001 omnibns

243 4033 347 4090 catallis
366 4033 421 4088 suis
434 4037 532 4088 etcum
546 4037 605 4088 tota
623 4032 729 4103 sequela
741 4051 797 4095 aua,
811 4032 960 4104 ubieunque
980 4033 1103 4086 inventus
1122 4033 1202 4088 fuerit
1220 4033 1247 4087 in

243 4121 342 4176 bellive
353 4124 409 4184 tua,
427 4120 479 4175 nisi
492 4119 529 4174 eit
541 4119 569 4173 in
588 4118 719 4174 dominico
737 4137 803 4182 meo,
823 4118 869 4190 qui
887 4117 959 4188 fugit
980 4118 1012 4172 de
1032 4123 1104 4172 terra
1121 4138 1169 4174 suu
1189 4125 1249 4190 port

243 4209 358 4279 primam
376 4205 572 4262 coronationem
592 4224 687 4261 meum.
724 4204 762 4260 m
780 4203 914 4276 prohibeo,
936 4223 969 4259 ne
989 4204 1049 4276 quia
1069 4224 1128 4259 enm
1148 4205 1249 4278 injuste

243 4295 362 4351 detineat
375 4313 454 4365 snper
467 4292 664 4349 forisfacturam
679 4311 773 4347 meam.
811 4292 843 4348 Τ.
855 4295 904 4346 eto.
936 4291 994 4346 Lib.
1009 4293 1051 4355 12,
1063 4311 1085 4349 c.
1100 4294 1141 4348 11.
