3000 4972
305 537 367 600 138
556 553 689 599 enacim
711 554 1059 600 suano-nonunmncn.

302 705 458 786 Nicholao
475 705 651 771 vicecomiti
677 706 715 770 de
743 707 875 771 Staffort
898 713 931 772 et
956 707 1103 772 omnibus
1133 707 1303 772 baronibus

304 815 434 880 Francis
449 821 481 879 et
496 815 614 899 Anglis
629 816 667 879 de
684 814 881 880 Statfortsira
896 816 1041 883 salutem.
1089 816 1204 882 Sciatis
1219 817 1303 902 quod

304 924 477 989 Godwiuus
493 926 664 990 monachus
679 927 716 989 de
733 927 850 990 Sancto
867 926 1013 1010 Remigio
1036 927 1074 991 de
1098 926 1206 991 Remis
1229 933 1302 991 ante

303 1060 354 1101 me
387 1042 420 1100 et
451 1036 581 1100 barones
615 1058 699 1100 meos
729 1036 813 1120 apud
834 1037 1049 1101 Tamewrdam
1083 1037 1303 1101 disrationavit

302 1146 462 1212 ecclesiam
477 1146 516 1210 de
532 1146 722 1230 Iuppeleya,
738 1152 771 1210 et
786 1146 939 1210 decimam
957 1154 990 1211 et
1012 1169 1140 1231 corpora
1162 1153 1301 1210 mortuo·

302 1278 372 1319 rum
387 1263 498 1321 contra
514 1255 687 1320 Robertum
703 1256 901 1340 capellanum
920 1278 1026 1319 meum
1048 1256 1087 1320 de
1110 1257 1301 1339 Rotomago,

302 1365 383 1431 sicut
395 1367 530 1430 Sanctus
541 1365 706 1449 Remigius
719 1365 829 1429 melius
841 1365 944 1429 tenuit
955 1371 987 1430 et
997 1365 1109 1430 habuit
1117 1365 1151 1429 in
1161 1373 1301 1450 tempore

302 1475 387 1560 regis
401 1475 549 1539 Edwardi
572 1481 605 1539 et
631 1474 729 1560 patris
752 1481 785 1538 et
805 1475 910 1539 fratris
937 1475 998 1540 mei
1014 1474 1183 1539 Willielmi
1206 1477 1300 1559 regis.

302 1587 347 1650 Et
361 1586 431 1650 volo
447 1587 529 1670 quod
545 1585 605 1649 ista
621 1592 653 1649 et
668 1608 775 1673 omnes
790 1585 866 1649 alias
881 1609 952 1649 suas
968 1610 1016 1651 res
1039 1586 1116 1650 bene
1131 1593 1163 1650 et
1179 1587 1303 1671 inpane

302 1700 434 1760 teneant
449 1696 515 1779 ipse
537 1702 665 1759 sanctus
690 1702 722 1759 et
739 1696 883 1760 monachi
898 1697 956 1760 sui.
1002 1697 1147 1760 'Postibus
1164 1697 1302 1763 Robcrto

202 1828 205 1835 ’
301 1805 445 1890 episcopo
482 1806 694 1870 Lincoluiensi
733 1814 765 1871 et
803 1808 841 1870 R.
885 1807 1028 1892 episcopo
1067 1807 1233 1872 Salesbirie
1269 1816 1302 1874 et

302 1915 475 1979 Willielmo
491 1915 635 2000 episcopo
650 1916 779 1979 Exoniae
795 1923 826 1980 et
843 1916 961 1981 Goisfri
977 1917 1099 1981 Ridello
1114 1924 1148 1982 et
1163 1918 1302 1983 Aluredo

300 2027 339 2090 de
355 2025 508 2104 lincolia,
524 2027 608 2109 apud
623 2027 869 2093 Tamcwordam.

429 2685 569 2771 [Blsnon
586 2684 719 2747 Ronnnu
735 2705 762 2747 c.
781 2682 943 2747 W1nn1nu
959 2685 1172 2768 annunun.]¹

301 2886 369 2979 [Tbe
380 2915 467 2980 ldng’s
479 2917 539 2965 writ
558 2915 741 2978 commanding
757 2914 817 2964 that
836 2915 915 2964 seisin
932 2915 964 2963 he
982 2915 1060 2977 given
1077 2914 1122 2963 the
1141 2916 1258 2977 plnintill'
1272 2916 1302 2964 os

437 2999 522 3059 landa,
534 2999 625 3058 tithes,
638 3001 759 3056 customs,
771 2997 908 3054 meadows,
919 2997 971 3045 and
982 2997 1068 3045 woods
1078 3003 1107 3044 ut
1119 2995 1161 3060 P.]

301 3187 345 3249 H.
362 3208 416 3248 rex
431 3184 622 3268 Anglorum,
638 3185 676 3248 R.
693 3183 836 3268 episcopo
859 3184 897 3247 dc
913 3184 1033 3261 cestra,
1047 3189 1079 3246 et
1096 3183 1233 3248 Robcrto
1259 3184 1297 3249 de

299 3293 459 3372 Ferrariis,
469 3299 501 3357 et
518 3292 651 3357 Ricardo
667 3292 730 3356 filio
747 3295 855 3370 Gotse‚
868 3293 1010 3356 salutem.
1034 3292 1182 3376 Praecipio
1200 3294 1297 3371 vobis

299 3410 337 3468 ut
363 3403 530 3467 resaisiutis
554 3403 727 3466 Robcrtum
754 3403 942 3486 episcopum,
957 3408 990 3466 et
1012 3403 1155 3466 ecclesias
1173 3426 1245 3467 suas
1260 3405 1298 3469 de

299 3516 407 3593 Pecco,
424 3520 456 3577 et
471 3514 508 3577 dc
523 3512 670 3577 omnibus
686 3511 777 3575 rebus
793 3513 825 3575 in
842 3511 932 3576 terris
955 3523 988 3576 et
1014 3512 1142 3576 decimis
1167 3520 1200 3577 et
1225 3537 1297 3578 con-

299 3624 527 3702 suetudinibus,
549 3630 583 3686 et
616 3622 714 3705 pratis
744 3630 776 3686 et
800 3622 899 3702 silvis,
914 3623 996 3686 sicut
1020 3622 1085 3706 ipse
1109 3629 1142 3687 et
1164 3623 1299 3688 ecclesia

299 3733 398 3799 saisiti
424 3738 524 3811 erant,
540 3755 576 3795 ea
602 3731 651 3794 die
678 3754 739 3814 qua
760 3731 933 3795 Willielmo
959 3732 1099 3796 Peverell
1123 3731 1297 3797 dominium

299 3866 404 3908 meum
420 3843 457 3906 de
474 3843 570 3905 Pecco
584 3840 655 3903 dedi
666 3868 675 3919 ;
700 3840 773 3923 quia
788 3840 847 3904 sibi
874 3864 936 3905 non
963 3841 1034 3905 dedi
1057 3841 1137 3904 nihil
1161 3843 1199 3906 de
1225 3844 1298 3922 hiis,

299 3957 337 4019 de
352 3954 464 4039 quibus
479 3951 634 4036 praediclae
655 3951 788 4015 ecclesiae
804 3951 903 4013 saisiti
927 3958 1025 4015 erant.
1071 3953 1162 4016 Teste
1184 3955 1299 4018 comite
1412 3958 1417 3964 ’

299 4068 337 4130 de
353 4064 497 4140 Mollent,
514 4061 598 4144 apud
623 4111 630 4125 .
655 4110 662 4124 .
689 4073 728 4125 .'.

503 4278 509 4311 ¹
530 4278 546 4326 6
558 4278 720 4327 blonusticon
733 4277 804 4340 (part
815 4278 852 4338 3),
865 4275 929 4329 1272
941 4277 991 4340 (ed.
1008 4278 1092 4341 lesu).
