3000 4972
250 530 312 593 108
498 546 633 593 nnncmn
655 546 1005 593 suono-nonummcn.

359 726 487 806 [Annon
504 726 607 789 Huou
627 747 655 789 o.
671 725 853 789 Mnmssnu
867 727 981 789 Assio.
1028 726 1150 808 1110.]¹

249 860 316 926 [The
327 863 413 926 king's
423 862 483 911 vm‘t
494 862 650 924 confirming
660 876 677 910 c
689 861 829 924 judgment
846 862 876 909 os
889 862 935 910 the
951 861 1069 924 plaintifl‘
1085 861 1127 912 for
1146 862 1192 911 the
1209 876 1252 910 ro-

562 954 657 1003 oovery
668 940 698 988 of
711 940 812 988 certain
823 938 921 1004 lande]

249 1055 432 1132 Hnumcus,
465 1077 521 1119 rex
562 1053 754 1138 Anglorum,
796 1054 1045 1138 archiepiscopis,
1087 1055 1251 1138 episcopis,

246 1165 426 1243 comitibus,
442 1164 689 1243 vicecomitibus
703 1164 884 1244 baronibus,
894 1170 927 1229 et
942 1163 1091 1229 omnibus
1106 1164 1250 1229 fidelibus

247 1277 322 1356 suis,
338 1275 542 1360 Francigenis
565 1282 599 1340 et
622 1275 827 1359 Angligenis,
843 1276 988 1340 salutem.
1036 1275 1151 1340 Sciatis
1167 1275 1251 1360 quod

249 1388 347 1473 Hugo
362 1387 459 1453 obbas
477 1388 586 1451 Sancti
602 1387 781 1471 Augustini
797 1386 977 1450 Cantuariae
994 1386 1200 1452 diretionavit
1215 1387 1248 1449 in

246 1499 332 1563 curin
364 1521 434 1562 mea
459 1504 559 1563 terras
584 1521 656 1562 suns
681 1497 720 1562 de
747 1497 862 1582 Ripple
888 1503 922 1562 et
946 1498 1150 1582 Langedone,
1175 1520 1248 1561 cum

246 1609 394 1675 omnibus
418 1609 480 1673 illis
509 1608 741 1692 pcrtinentibus
767 1614 876 1672 contra
901 1608 1121 1673 Manasserum
1145 1608 1246 1672 Arsic.

246 1722 291 1785 Et
305 1719 375 1784 volo
398 1727 431 1785 ct
455 1718 589 1783 concedo
613 1725 645 1783 et
669 1718 801 1782 firmiter
824 1718 980 1802 praecipio,
995 1724 1032 1783 ut
1055 1742 1074 1784 a
1099 1718 1191 1784 modo
1213 1719 1248 1781 in

246 1836 432 1914 perpetuum
457 1829 491 1893 in
515 1829 655 1893 dominio
678 1829 812 1893 ecciesiae
835 1852 887 1894 eas
913 1835 1029 1908 teneat,
1044 1831 1090 1894 ita
1112 1829 1192 1894 bene
1215 1835 1248 1893 et

246 1941 414 2006 honorifice
439 1940 521 2005 sicut
547 1940 613 2024 ipse
630 1939 726 2005 abbas
743 1940 842 2024 Hugo
857 1939 971 2004 melius
985 1948 1020 2005 ct
1034 1939 1247 2006 honorabilius

247 2057 280 2115 et
293 2050 432 2137 quietius
455 2057 544 2114 tenet
568 2049 738 2113 eusealius
761 2049 933 2113 dominicas
947 2056 1055 2115 terras.
1100 2050 1247 2115 'Postibus

246 2160 388 2245 episcopo
400 2159 582 2238 Lincolniae,
594 2166 626 2224 et
637 2160 751 2224 comite
762 2159 799 2224 de
809 2160 911 2240 Mell,
927 2160 1012 2244 apud
1028 2160 1245 2226 Windesoram

245 2272 280 2336 in
303 2271 497 2349 Pentecoste,
520 2270 554 2334 in
585 2292 669 2334 anno
706 2293 769 2355 quo
806 2294 861 2335 rex
896 2270 984 2336 dedit
1020 2271 1120 2336 filiam
1156 2294 1246 2335 suam

247 2382 441 2467 imperatori.
488 2383 558 2446 Hoc
574 2381 799 2446 dirationatum
817 2381 879 2447 fuit
893 2382 976 2467 apud
993 2382 1188 2448 Londoniam
1211 2382 1245 2446 in

248 2492 492 2577 Rogationibus.

506 3119 631 3200 [Annon
646 3118 814 3181 Fulcinius.
861 3117 986 3199 llll.]²

248 3277 315 3344 [Tho
325 3278 411 3342 hingsss
422 3278 484 3327 urit
501 3278 529 3326 in
547 3278 638 3326 favour
655 3278 685 3326 of
697 3277 744 3327 tho
761 3277 841 3327 abbot
860 3276 1017 3339 concoming
1035 3291 1052 3325 a
1063 3275 1123 3326 hide
1135 3277 1165 3326 of
1176 3277 1247 3337 lund,

309 3357 395 3406 which
406 3356 521 3405 Faritins
532 3357 555 3405 is
566 3359 594 3404 to
605 3356 666 3405 hold
678 3357 705 3404 in
716 3370 812 3417 pesce3
829 3355 881 3403 and
892 3354 915 3402 if
925 3354 1050 3403 disseised
1061 3355 1169 3414 thereos,
1182 3357 1215 3405 hc
1224 3357 1247 3405 is

309 3437 338 3482 to
348 3434 415 3483 have
426 3433 572 3496 possession
583 3433 668 3496 again,
680 3448 710 3482 as
722 3433 780 3482 well
791 3448 821 3483 ns
832 3432 863 3482 os
875 3433 1005 3497 anything
1015 3432 1095 3481 taken
1106 3431 1203 3497 away]

247 3560 430 3636 Hermione,
464 3581 520 3623 rex
543 3558 681 3643 Angliae,
706 3559 745 3623 R.
773 3557 951 3623 vicecomiti
977 3557 1015 3623 de
1039 3557 1248 3638 Oxeneforda,

244 3675 278 3733 et
294 3669 428 3733 Raincro
454 3668 492 3732 dc
507 3669 621 3747 Baths,
638 3669 782 3735 sulutem.
827 3668 980 3752 Praecipio
1000 3669 1085 3753 quod
1108 3669 1248 3734 Faritius

244 3778 340 3844 obbas
355 3778 551 3844 Abbandone
566 3779 612 3843 ita
625 3779 704 3843 bene
718 3786 751 3843 et
766 3779 869 3864 quiete
893 3785 999 3843 teneat
1022 3779 1130 3843 hidam
1156 3785 1247 3845 torrae

243 3890 282 3955 de
317 3891 461 3968 Fencote,
485 3913 580 3974 quam
617 3891 723 3955 tenuit
754 3891 792 3956 dc
830 3890 966 3956 Adelinu
994 3891 1033 3956 de
1066 3891 1146 3970 Iuri,
1172 3913 1247 3956 cum

243 4002 389 4067 omnibus
413 4001 504 4066 rebus
530 4025 599 4087 qum
624 4001 664 4066 ad
690 4024 759 4066 eam
782 4002 954 4087 pertinent,
970 4002 1054 4068 sicut
1079 4002 1191 4069 melius
1214 4008 1247 4065 ct

477 4188 485 4219 ¹
504 4189 575 4237 Hist.
588 4189 658 4237 Mon.
671 4188 710 4238 St.
723 4190 790 4251 Aug.
804 4189 851 4237 362
865 4189 937 4251 (Rec.
952 4189 1048 4254 Com).

473 4267 483 4298 ²
500 4269 515 4314 2
528 4266 598 4315 nist.
612 4267 681 4316 Mon.
694 4267 804 4330 Abingd.
817 4265 849 4318 73
863 4268 933 4327 (Rcc.
947 4267 1040 4329 Com).
