3000 4972
299 551 339 614 10
544 570 679 614 enimus
702 570 1053 617 sueto-uouusumcs.

302 722 446 805 [B1suor
477 721 551 786 Ouo
585 745 612 786 v.
646 725 863 787 Aucsmsuov
898 725 1088 788 Lsusuuuc.
1124 725 1300 788 Puosssuv

470 853 551 897 soou
572 854 674 898 Arrun
695 854 759 897 nus
783 853 967 898 souucmue
988 832 1128 916 ιιιιιι.]1

297 991 388 1058 [After
407 993 452 1041 the
467 993 601 1056 foregoing
612 994 682 1054 trial,
695 993 757 1053 Odo,
769 994 806 1057 by
816 993 969 1054 permission
980 991 1009 1040 of
1025 993 1070 1040 the
1088 991 1153 1054 king
1172 989 1224 1055 (his
1235 992 1301 1041 half-

361 1071 489 1133 brother),
501 1072 636 1121 institutes
648 1089 664 1121 a
675 1074 728 1120 suit
739 1073 779 1120 sor
791 1072 836 1120 the
847 1086 960 1134 purpose
976 1071 1007 1119 of
1020 1070 1157 1131 unnulling
1170 1071 1215 1117 the
1223 1070 1299 1133 judg-

361 1155 434 1199 ment
453 1150 586 1208 rendered,
606 1151 658 1199 und
675 1150 811 1212 reguiuing
829 1150 873 1197 the
890 1149 965 1197 lunds
983 1148 1112 1211 udjudged
1123 1153 1151 1196 tc
1162 1149 1299 1197 Lansrnno.

360 1229 397 1276 Το
408 1227 461 1276 this
473 1228 533 1286 suit,
545 1243 604 1276 men
617 1228 708 1276 skilled
720 1228 747 1275 in
759 1228 803 1275 the
814 1228 866 1275 luvv
877 1242 921 1275 ure
930 1226 1090 1285 summoned,
1100 1225 1160 1285 and,
1171 1226 1300 1276 Lunsrano

359 1305 452 1366 sailing
463 1309 491 1353 tc
502 1319 604 1367 appear,
613 1304 668 1352 Ode
680 1304 802 1352 succeeds
814 1305 841 1352 in
851 1304 892 1351 his
899 1317 1018 1366 purpose.
1053 1303 1107 1350 The
1116 1303 1197 1351 result
1207 1303 1229 1351 is
1241 1318 1299 1352 novv

359 1383 480 1444 reported
492 1387 520 1431 to
531 1383 660 1431 Lcnsrunc
672 1374 707 1444 by
719 1382 759 1430 his
771 1397 838 1440 men,
850 1382 901 1429 und
914 1382 959 1429 the
976 1380 1146 1442 proceedings
1165 1381 1298 1429 narrated.

360 1460 491 1509 Lunfrauo
513 1461 615 1508 detecte
637 1476 671 1507 en
692 1475 765 1507 error
783 1459 810 1506 in
829 1459 873 1506 the
892 1457 1034 1520 plecdings,
1057 1458 1109 1506 und
1130 1458 1299 1521 accordingly

360 1552 492 1585 snmmons
505 1552 521 1584 u
531 1541 608 1585 court
619 1537 659 1584 for
670 1537 716 1584 the
727 1540 790 1585 next
800 1535 860 1599 duy,
872 1535 947 1583 when
960 1536 1005 1583 the
1013 1535 1153 1598 judgment
1163 1535 1192 1582 in
1206 1535 1299 1584 favour

360 1615 391 1664 of
398 1615 454 1664 Odo
464 1615 488 1663 is
499 1621 539 1663 set
551 1613 645 1679 aside]

295 1753 379 1818 lusu
402 1755 463 1818 alio
479 1761 619 1838 tempore
635 1753 716 1818 idem
732 1754 812 1831 Ode,
822 1752 1030 1836 permittente
1042 1774 1125 1835 rege,
1143 1752 1297 1836 placitum

293 1864 436 1929 instituit
459 1869 569 1929 contra
595 1864 774 1948 saepefatam
801 1862 974 1941 ecclesium,
999 1868 1033 1927 et
1059 1868 1197 1927 tutorem
1228 1863 1297 1947 ejus

292 1980 413 2060 patrem
453 1975 679 2054 bantrensem,
700 1980 735 2038 et
765 1973 839 2038 illuc
871 1996 980 2038 omnes
1016 1996 1096 2058 quos
1132 1973 1296 2058 peritiores

292 2087 412 2169 legum,
428 2092 461 2150 ct
476 2109 592 2149 usuum
607 2085 738 2169 Anglici
753 2084 843 2169 regui
859 2091 1001 2164 noverat,
1016 2107 1136 2169 guarus
1151 2085 1294 2149 adduxit.

294 2199 378 2262 Cum
393 2195 495 2279 igitur
518 2194 558 2258 ud
582 2194 840 2259 eventilationem
864 2215 1030 2258 causarum
1046 2201 1177 2260 ventum
1203 2204 1295 2276 esset,

296 2331 407 2374 omnes
431 2306 485 2392 qui
510 2306 639 2371 tuendis
661 2305 796 2370 ecclesius
818 2305 920 2369 causis
944 2330 1066 2391 quaque
1082 2315 1294 2374 convenerant

292 2419 326 2482 in
351 2417 454 2502 primo
477 2438 650 2501 congressu
676 2415 723 2480 its
747 2416 885 2481 convicti
915 2423 1001 2499 suut,
1033 2424 1071 2482 ut
1100 2418 1134 2482 in
1158 2442 1220 2503 quo
1243 2443 1295 2485 eus

291 2536 456 2595 tuerentur
478 2528 574 2592 simul
597 2528 791 2592 emitterent.
836 2529 910 2612 Ipse
933 2552 1070 2615 numque
1096 2530 1292 2596 Lanfrancus

291 2664 357 2706 uon
389 2640 550 2704 intererat.
595 2638 724 2703 Talibus
754 2639 851 2718 enim,
881 2640 942 2704 uisi
969 2641 1138 2705 necessitas
1169 2665 1295 2707 summa

293 2758 430 2837 urgeret,
442 2751 471 2816 ei
485 2751 634 2815 interesse
647 2750 743 2815 moris
758 2774 822 2814 non
837 2756 914 2818 erat.
958 2752 1026 2836 Ipsi
1037 2775 1112 2837 erge
1127 2752 1162 2816 in
1171 2776 1294 2818 camera

289 2863 432 2928 lectionae
447 2862 561 2927 divinae
583 2867 734 2946 occupato
755 2861 833 2944 quid
848 2868 977 2945 gestum
1000 2862 1097 2926 fuerit
1112 2864 1292 2929 nunciatur.

291 2967 338 3030 At
360 2966 424 3044 ille,
447 2965 493 3029 nil
519 2966 610 3030 corde
632 2965 830 3049 perterritus,
845 2964 933 3029 dicta
957 2965 1204 3029 adversariorum
1229 2990 1293 3030 nou

290 3085 374 3143 reete
398 3077 584 3162 processisse
607 3076 754 3153 asseruit,
770 3085 801 3140 et
827 3075 897 3140 ideo
921 3082 1036 3139 cuncta
1058 3075 1091 3137 in
1119 3077 1292 3140 crastinum

289 3188 444 3252 induciari
460 3186 616 3272 praeeepit.
663 3185 814 3270 Sequenti
836 3191 937 3263 nocte,
960 3185 1050 3248 adest
1069 3185 1103 3248 in
1120 3186 1190 3249 visu
1212 3187 1294 3250 anti·

290 3299 359 3363 stiti
390 3298 502 3362 beatus
533 3297 731 3375 Dunstanus‚
762 3318 894 3360 mouens
923 3319 963 3360 ne
992 3294 1084 3359 illum
1115 3296 1291 3362 multitudo

289 3408 469 3488 conturbet,
484 3406 537 3471 sed
560 3405 600 3470 de
621 3406 787 3490 praeseutiu
809 3405 858 3470 sui
877 3428 1005 3471 securus
1026 3406 1182 3491 placitum
1199 3431 1291 3472 mane

289 3520 423 3604 ipsemet
435 3517 546 3581 hilaris
560 3517 670 3596 intret,
685 3516 769 3601 quod
784 3523 817 3581 et
831 3517 915 3583 fecit.
963 3520 1044 3582 Suus
1058 3519 1167 3603 itaque
1182 3542 1292 3584 causas

289 3629 425 3715 quodum
447 3629 573 3693 exordio
596 3628 686 3712 quasi
707 3628 833 3692 erebus
856 3652 925 3713 quae
939 3634 1085 3694 tructatae
1101 3631 1227 3695 fuerunt
1241 3632 1291 3697 vel

289 3740 462 3806 tractaudae
484 3739 612 3824 penitus
637 3739 739 3803 ulieuo
763 3739 885 3803 eunetis
908 3741 1110 3824 stupentibus
1132 3765 1231 3822 orsus,
1247 3744 1292 3808 ita

289 3850 440 3936 precessit
464 3857 501 3915 ut
530 3873 599 3935 quae
634 3873 726 3934 super
754 3874 827 3915 eum
852 3851 951 3936 pridie
978 3852 1063 3916 dieta
1092 3853 1222 3919 suerunt
1247 3857 1292 3920 sic

288 3962 468 4027 devinceret
482 3966 515 4026 et
532 3961 641 4025 inania
654 3984 719 4026 esse
734 3968 935 4042 monstraret,
952 3970 990 4026 ut
1009 3962 1107 4028 donec
1123 3964 1196 4029 vitre
1213 3989 1291 4050 prae·

288 4073 370 4138 senti
386 4073 551 4159 superfuit,
566 4073 673 4136 nullus
687 4079 854 4157 exurgeret
868 4074 922 4158 qui
945 4074 1018 4140 iude
1040 4082 1150 4141 centra
1168 4099 1240 4141 eum
1257 4101 1291 4142 os

287 4185 435 4270 aperiret.

582 4311 588 4343 ¹
609 4307 679 4356 Hist.
692 4306 861 4365 limorum-9
875 4308 1000 4374 (Seldeu).
