3000 4972
249 523 312 585 236
499 538 632 583 enacim
654 526 999 585 tuoto-NORMANNICA.

248 689 403 771 innovari,
424 691 490 756 sive
511 691 640 755 ecclesia
662 714 776 756 vacans
799 692 851 771 sit,
874 692 939 757 sive
961 697 1084 775 pastore
1110 692 1255 757 ordinata

246 802 355 868 fuerit.
401 801 553 885 Praeeepit
585 801 681 865 etiam
712 802 859 886 praedicto
881 803 1019 880 Thomae,
1042 803 1096 887 qui
1119 827 1253 888 praescns

247 918 326 992 crat,
341 919 379 976 ut
392 914 542 998 quoniam
557 913 692 977 rationes
708 920 831 992 nostrae,
847 912 930 977 sicut
943 937 999 997 per
1014 936 1069 977 nos
1091 937 1195 978 corum
1218 938 1253 978 eo

247 1024 435 1090 sufficienter
459 1024 626 1108 probatum
650 1031 727 1102 erat,
750 1029 899 1107 separatae
925 1030 1002 1088 sunt
1031 1048 1050 1087 a
1079 1025 1253 1089 rationibus

247 1137 381 1215 abbatis,
397 1136 435 1199 dc
450 1135 499 1198 his
514 1142 641 1199 tantum
657 1158 725 1220 quae
740 1136 779 1199 ad
795 1159 949 1200 cameram
965 1135 1088 1200 abbatis
1099 1143 1254 1220 spectant,
1334 1227 1338 1235 Ι

247 1270 354 1313 curum
370 1247 506 1311 haberet.
548 1246 600 1310 Ad
616 1270 651 1311 ea
668 1269 739 1311 vero
755 1269 823 1331 quse
838 1247 877 1310 ad
892 1270 949 1311 nos
965 1253 1108 1330 spectant
1123 1270 1252 1311 manum

247 1382 311 1423 non
333 1364 512 1442 apponeret,
535 1357 588 1423 sed
609 1357 738 1441 plenum
766 1357 819 1441 jus
844 1363 877 1422 et
899 1364 1099 1442 potestatem,
1125 1365 1192 1423 tam
1218 1359 1253 1423 in

246 1469 435 1536 tenementis
452 1469 567 1533 nostris
582 1491 677 1553 quam
699 1468 733 1531 in
757 1469 949 1548 tenentibus,
964 1492 1020 1533 nos
1047 1469 1160 1534 habere
1182 1493 1252 1553 per·

247 1581 399 1646 mitteret.
445 1579 581 1644 Dicebat
595 1578 679 1644 enim
694 1584 764 1643 tota
778 1579 865 1643 curia
879 1580 962 1664 quod
984 1579 1121 1663 periculo
1144 1587 1252 1645 nostro

246 1691 345 1770 fieret,
361 1691 477 1776 siquid
493 1713 512 1754 a
526 1690 708 1754 custodibus
724 1690 807 1774 regis
822 1697 1042 1775 temptaretur,
1058 1691 1141 1775 quod
1155 1690 1250 1754 abba-

247 1801 333 1867 tibus
348 1801 440 1866 licere
455 1824 518 1866 non
533 1801 636 1866 debet.

279 1971 405 2037 [Thomas
416 1987 473 2021 now
485 1973 575 2020 makes
586 1986 620 2019 nn
632 1970 810 2020 enumeration
818 1970 847 2019 os
855 1971 899 2018 tha
910 1969 990 2032 goods
1008 1970 1039 2019 of
1054 1971 1099 2018 the
1117 1971 1189 2032 prior
1199 1971 1251 2018 and

245 2052 345 2111 monks,
354 2051 405 2099 and
417 2065 478 2114 goes
488 2050 575 2098 before
586 2049 631 2097 the
641 2054 717 2098 court
727 2049 791 2097 with
801 2050 829 2108 it,
839 2049 1013 2111 anticipating
1021 2049 1065 2097 the
1072 2053 1189 2106 convent,
1199 2049 1250 2096 aud

244 2128 342 2190 hoping
352 2131 381 2176 to
391 2127 481 2176 obtain
491 2143 525 2176 au
537 2127 611 2176 orrici·
623 2130 651 2175 to
662 2127 724 2175 take
735 2127 780 2174 the
792 2141 864 2176 same
882 2126 938 2174 into
949 2126 1067 2189 custody,
1080 2127 1128 2174 bnt
1139 2127 1251 2175 without

245 2203 370 2269 success]

289 2340 418 2404 Fecerat
440 2344 546 2403 autem
573 2337 741 2422 pradictus
765 2339 901 2403 Thomas
917 2359 1026 2402 omnes
1041 2337 1249 2422 possessiones

245 2454 278 2515 et
291 2449 533 2515 consuetudines
548 2454 670 2513 nostras
685 2448 855 2533 separatim
870 2447 1034 2527 conscribi,
1049 2473 1089 2513 ex
1104 2472 1154 2513 ore
1165 2450 1249 2533 regis

245 2566 278 2626 et
287 2559 420 2644 justitiae
435 2560 575 2644 loquens,
590 2581 630 2624 ne
644 2558 742 2622 ullam
757 2557 791 2621 in
806 2558 855 2622 his
871 2581 939 2643 quae
954 2560 1052 2624 facere
1063 2560 1250 2643 properabat
1269 2612 1274 2619 .

246 2671 416 2736 sustineret
426 2670 593 2754 repulsam.
617 2671 710 2735 Istud
720 2670 873 2755 scriptum
885 2671 1039 2735 secumad
1050 2671 1248 2750 scaccarium,

244 2783 379 2867 priorem
395 2789 428 2847 et
442 2784 552 2846 fratres
562 2781 765 2866 praeveniens,
777 2780 902 2861 detulit,
915 2788 948 2845 et
959 2781 1105 2845 omnibus
1110 2782 1249 2865 justiciis

245 2894 395 2973 ostendit,
425 2893 550 2958 credens
580 2915 612 2957 se
640 2915 730 2977 posse
759 2891 901 2956 obtinere
930 2892 1014 2976 quod
1042 2893 1249 2976 possessiones

244 3013 357 3070 nostrae
378 3004 412 3068 in
429 3028 541 3068 manus
556 3004 625 3090 ejus
640 3005 846 3083 traderentur,
860 3011 899 3067 ut
914 3004 1035 3068 victum
1051 3009 1083 3068 et
1098 3004 1248 3068 vestitum

243 3117 384 3182 tenuiter
398 3116 489 3181 nobis
503 3116 576 3180 inde
590 3114 795 3194 ministraret,
810 3120 843 3180 et
868 3115 975 3179 omnia
997 3137 1066 3198 quae
1091 3137 1248 3199 superesse

243 3232 382 3312 possent,
397 3228 471 3291 fisco
495 3226 632 3291 inferret.
677 3226 764 3289 Nam
784 3230 818 3290 et
847 3225 947 3290 modis
976 3226 1123 3290 omnibus
1153 3226 1247 3291 iidem

243 3337 381 3423 justiciis
396 3338 494 3402 facere
509 3336 672 3402 nitebatur
685 3336 893 3421 pertinentias
907 3342 1031 3402 nostras
1045 3360 1109 3403 non
1121 3343 1248 3402 tantum

244 3448 359 3533 aquari
380 3446 580 3531 pertinentiis
602 3447 736 3526 abbatis,
751 3447 806 3511 sed
827 3446 923 3512 etiam
946 3447 996 3512 his
1010 3448 1164 3526 deductis,
1179 3471 1248 3532 quae

243 3582 299 3645 per
318 3581 448 3627 manum
465 3557 587 3621 abbatis
602 3557 635 3620 in
651 3557 794 3622 terminis
816 3557 909 3623 certis
931 3560 1064 3644 recipere
1086 3559 1248 3624 consuevi·

244 3693 327 3749 mus,
342 3669 516 3753 portionem
532 3669 600 3753 ejus
615 3675 758 3751 respectu
772 3669 924 3753 portionis
945 3676 1060 3735 nostrae
1081 3670 1247 3735 minimam

245 3803 319 3847 esse.
336 3780 437 3864 Cujus
446 3777 600 3843 instantia
611 3778 750 3843 multum
759 3779 849 3844 nobis
861 3779 1028 3861 nocuisset,
1035 3781 1095 3846 nisi
1111 3783 1247 3866 (uipra-

243 3893 394 3975 diximus)
405 3890 489 3976 prior
498 3890 650 3956 etfratres
665 3883 755 3954 ilium
765 3913 784 3955 a
795 3890 930 3975 vestigio
939 3890 1047 3970 secuti,
1060 3893 1099 3958 dc
1113 3892 1248 3977 singulis

243 4001 521 4068 consuetudinibus
547 4006 580 4066 et
605 4000 851 4086 possessionibus
870 4001 1034 4088 justiciam
1058 4002 1182 4087 plenius
1197 4002 1246 4066 in·

243 4113 442 4193 struxissent,
456 4118 490 4178 et
503 4134 555 4177 eas
569 4111 681 4197 saepius
696 4112 786 4177 nobis
801 4135 865 4178 non
880 4114 1020 4179 sufficere
1036 4113 1224 4180 docuissent.

287 4225 326 4288 In
339 4231 466 4289 tantum
476 4224 609 4310 denique
618 4222 783 4309 praevaluit
790 4224 894 4310 gratia
903 4223 964 4291 Dei
973 4226 1056 4310 quod
1066 4224 1247 4290 Rannulfus
