3000 4972
248 546 288 607 lt
495 567 628 612 emersa
651 567 999 614 unone-uounnnmcn.

245 782 370 863 [Aenea
392 782 751 848 Gausnsaro.B1snoe
775 786 928 848 Sereana.
971 785 1249 848 Eccuesmsmcno.

620 896 735 958 Auoor
753 894 878 977 1076]ι

247 1066 314 1131 [The
331 1068 425 1132 bishop
442 1068 471 1118 οἱ
487 1069 640 1118 Chiehester
655 1069 776 1132 required
792 1070 828 1133 by
839 1070 885 1118 the
896 1070 960 1133 king
972 1074 1000 1119 to
1011 1070 1101 1118 induet
1113 1073 1158 1119 the
1169 1073 1250 1121 abbot

552 1147 582 1196 οἰ
590 1148 679 1196 Battel
690 1150 719 1195 at
731 1146 943 1212 BattelAbbey.]

245 1283 443 1348 Gausssenao
469 1283 575 1369 itaque
601 1284 711 1363 electo,
736 1307 807 1347 cnm
835 1284 874 1348 ad
901 1306 974 1349 eum
1000 1285 1249 1352 benedicendum

242 1393 405 1478 episcopus
430 1394 635 1459 cicestrensis
662 1394 838 1477 stigandus
861 1395 1041 1460 nullatenus
1071 1398 1248 1479 assentiret,

243 1504 306 1568 nisi
321 1504 506 1569 cicestriam
522 1504 750 1570 benedicendus
773 1505 883 1582 adiret,
900 1529 1008 1591 regem
1022 1509 1081 1572 bac
1096 1509 1134 1573 de
1156 1531 1250 1573 eausa

242 1615 391 1700 providus
424 1616 519 1679 abbas
552 1621 645 1679 caute
670 1615 772 1680 adivit
784 1643 793 1695 ς
826 1640 952 1681 causam
983 1620 1141 1703 exposuit,
1171 1619 1248 1704 qnid

243 1728 401 1813 egendum
417 1727 498 1792 feret
512 1726 688 1811 inquisivit.
735 1728 807 1792 Quo
822 1728 962 1812 cognito,
981 1729 1172 1814 indignatus
1194 1755 1248 1796 rex

243 1837 385 1922 episcope
415 1836 639 1901 interminatus
669 1837 828 1921 praecepit,
860 1839 1010 1922 quatinus
1035 1840 1183 1905 abbatem
1213 1840 1248 1904 in

242 1947 370 2013 eeclesia
386 1946 495 2011 Sancti
510 1946 646 2010 Martini
662 1947 701 2011 de
716 1947 816 2027 Bello,
831 1948 919 2012 omni
942 1957 1062 2014 remota
1077 1951 1246 2026 calumnia,

242 2058 457 2136 benediceret;
481 2080 517 2122 eo
539 2057 635 2123 etiam
663 2058 765 2136 modo,
790 2064 828 2123 ut
851 2059 916 2124 illic
940 2060 1017 2145 ipse,
1042 2061 1090 2125 vel
1118 2085 1247 2126 suorum

243 2168 368 2254 aliquis,
382 2167 490 2233 eodem
512 2166 563 2233 die
585 2190 624 2232 ex
639 2168 866 2233 consuetudine
888 2192 945 2234 nee
960 2170 1173 2254 hospitaretur
1189 2195 1246 2237 nec

243 2279 351 2344 eibum
375 2279 502 2364 quidem
527 2285 675 2361 sumeret,
690 2279 725 2344 in
747 2280 966 2346 testimonium
984 2281 1132 2347 videlicet
1152 2283 1245 2349 liber·

242 2391 320 2457 tatis
335 2389 473 2475 ejusdem
488 2390 632 2457 ecclesie.

424 2835 532 2919 [Sana
554 2835 702 2898 Panum.
748 2834 1065 2920 Eccunsmsncuu.]¹

243 3006 381 3072 [moedom
391 3005 420 3056 ot
431 3007 519 3055 Bettel
530 3004 622 3069 Abbey
632 3005 698 3053 from
706 3005 872 3068 jurisdiction
883 3006 913 3055 οἰ
921 3006 968 3054 the
979 3007 1072 3069 bishop
1084 3007 1114 3056 ef
1122 3007 1244 3058 Chiehes·

468 3087 510 3131 ter
520 3083 682 3131 determined
692 3083 728 3147 by
740 3083 785 3131 the
797 3082 890 3147 muge
902 3082 1004 3148 court]

241 3225 375 3289 ΑΒΒΑΤΕ
390 3221 490 3304 igitur
506 3219 695 3298 Gausberto,
709 3226 742 3284 et
757 3220 851 3305 regiae
867 3221 1042 3305 majestatis
1058 3225 1243 3305 reverentia,

241 3339 274 3399 et
289 3331 414 3418 propria
429 3329 608 3415 prudentia,
624 3329 797 3414 plurimum
819 3353 923 3395 ceram
947 3333 1038 3416 regni
1053 3333 1244 3419 primoribus

241 3442 370 3508 honoris
385 3442 488 3505 lecum
499 3440 672 3524 optinente,
685 3440 822 3525 episcopi
838 3447 944 3507 tamen
956 3442 1116 3509 Cieestriae
1131 3445 1244 3529 sapius

241 3554 445 3619 infestatione
467 3551 651 3616 vexabatur.
696 3551 809 3636 Ipsum
839 3575 952 3638 nempe
981 3553 1127 3617 sinodum
1159 3557 1244 3639 apud

242 3663 426 3730 Cieestriam
450 3663 535 3727 adire
558 3662 790 3741 summonebat,
805 3662 964 3726 abbatiam
980 3664 1070 3748 quasi
1092 3665 1132 3728 ad
1153 3689 1243 3729 suam

240 3776 389 3842 diocesim
425 3773 637 3859 pertinentem
674 3773 820 3857 plurimis
856 3774 1023 3838 calumniis
1068 3776 1244 3860 opprimere

241 3886 410 3972 quaerebat,
426 3891 462 3948 ut
484 3884 602 3949 scilicet
629 3884 663 3948 in
683 3906 720 3948 ea
740 3884 789 3949 vel
811 3884 845 3948 in
867 3885 928 3965 his,
943 3909 1013 3970 quar
1036 3886 1121 3950 illius
1142 3895 1243 3969 erent,

241 3997 301 4062 sibi
317 4002 374 4061 aut
397 3995 532 4061 ecelesiae
557 4019 620 4059 saae
643 3995 749 4059 aditus
770 3995 954 4060 dominandi
975 3997 1088 4082 aliquis
1111 4005 1243 4082 pateret.

243 4108 336 4174 Quod
360 4129 535 4192 precavens
555 4105 661 4186 abbas,
677 4106 743 4170 haee
769 4105 884 4170 iterum
907 4107 1000 4192 regia*
1022 4108 1137 4174 intulit
1151 4110 1243 4176 aulae.

275 4294 282 4325 ¹
302 4294 397 4343 (thren.
410 4294 479 4343 Mon.
491 4293 523 4341 de
535 4292 614 4351 Belle,
627 4293 660 4341 25
674 4293 753 4356 (Ang-
768 4292 849 4342 Chris.
863 4294 941 4353 See).
1090 4294 1100 4325 ²
1119 4294 1156 4343 Ib.
1170 4297 1210 4343 26.
