3000 4972
653 547 795 591 wauranu
818 548 841 591 r.
1205 531 1245 594 15

244 696 342 780 Cujus
357 697 402 762 rei
417 720 510 763 causa
524 719 629 763 coram
644 699 728 782 regis
743 699 830 764 curia
844 700 1008 780 ventilata,
1023 706 1183 765 statutum
1197 707 1247 765 est

243 808 277 872 in
293 810 464 890 communi,
482 811 571 875 atde
586 810 694 874 eadem
709 810 838 875 ecclesia
852 817 885 876 et
897 811 991 895 leuga
1005 812 1246 896 circumjacente

243 942 276 984 se
290 920 451 1004 episcopus
466 944 529 986 nou
551 920 855 1000 intromitteret„sed
871 921 967 986 abbas
983 922 1119 987 ecclesias
1134 944 1199 987 snoe
1214 928 1247 987 et

242 1030 345 1113 leugae
360 1031 612 1114 circumjacentis
631 1032 732 1115 judex
747 1032 791 1097 sit
805 1038 837 1096 et
860 1033 1018 1112 domium,
1034 1040 1071 1097 ut
1086 1034 1168 1098 servi
1185 1033 1246 1098 Dei

243 1141 434 1206 secularibus
460 1142 543 1206 curis
567 1142 717 1226 expediti,
740 1143 797 1208 soli
824 1143 892 1208 Deo
915 1150 947 1209 et
969 1145 1064 1208 saluti
1086 1144 1245 1208 omnium¹

243 1252 454 1332 intenderent,
469 1260 503 1318 et
517 1277 579 1317 suae
595 1253 728 1317 ecclesia
740 1276 812 1317 cum
828 1254 975 1339 praedicta
989 1254 1094 1338 leuga,
1110 1261 1144 1319 ct
1158 1277 1246 1319 secu·

242 1365 302 1428 lari
327 1371 361 1428 et
385 1364 593 1429 ecclesiastico
625 1387 711 1428 more
740 1368 919 1447 praeessent,
946 1365 1089 1450 episcopo
1119 1366 1184 1429 haec
1214 1372 1247 1429 et

243 1475 363 1560 reliqua
385 1499 454 1560 quas
476 1474 626 1561 praedicta
647 1480 724 1539 sunt
744 1497 818 1539 cnm
839 1474 940 1559 regali
962 1477 1150 1540 auctoritate
1173 1498 1245 1540 con·

243 1585 399 1651 firmante.

278 1771 347 1836 [The
357 1772 490 1837 following
500 1787 611 1836 appears
622 1775 651 1821 to
661 1771 728 1821 have
739 1772 806 1820 bcon
817 1772 862 1820 the
872 1771 1054 1821 confirmation
1060 1770 1195 1836 granted]
1204 1775 1215 1808 ¹

288 1905 481 1970 Willielmus
506 1904 568 1969 Dei
596 1903 701 1988 gratia
730 1926 785 1967 rex
811 1902 1002 1987 Anglorum,
1026 1907 1096 1967 tam
1127 1902 1247 1968 clericis

244 2038 339 2102 quam
357 2016 444 2081 laicis
467 2039 521 2101 per
543 2015 697 2105 Angliam
719 2014 914 2092 constitutis
930 2014 1076 2078 salutem.
1121 2013 1246 2080 Notum

244 2128 288 2193 sit
296 2127 396 2208 vobis,
406 2150 456 2191 me
471 2127 655 2191 concessisse
667 2133 700 2191 et
714 2126 925 2205 confirmasse,
938 2148 1065 2190 assensu
1077 2125 1247 2190 Lanfranci

244 2238 467 2323 archiepiscopi
490 2238 736 2316 cantuariensis
752 2243 785 2302 et
809 2237 958 2322 stigandi
980 2238 1119 2323 episcopi
1142 2237 1247 2302 Ciccs-

243 2349 367 2426 transis,
406 2354 439 2414 et
468 2348 598 2413 consilio
635 2348 732 2413 etiam
769 2348 986 2433 episcoporum
1024 2370 1059 2412 ac
1089 2348 1244 2412 baronum

244 2483 398 2539 meorum,
421 2466 459 2525 ut
488 2460 617 2525 ecclesia
648 2461 759 2524 Sancti
789 2459 925 2524 Martini
956 2459 994 2524 de
1024 2459 1124 2539 Bello,
1149 2483 1247 2544 qnam

244 2572 376 2637 fundavi
389 2595 429 2637 ex
445 2577 519 2637 voto
534 2572 574 2636 ob
592 2571 758 2637 victoriam
773 2594 869 2656 quam
884 2570 963 2634 mihi
979 2571 1066 2636 Deus
1081 2571 1115 2634 in
1138 2570 1247 2637 codem

243 2683 312 2748 loco
327 2683 474 2764 contulit,
496 2683 594 2747 libera
615 2681 705 2747 citet
728 2682 835 2767 quieta
849 2681 884 2745 in
899 2687 1087 2765 perpetuum
1103 2681 1142 2746 ab
1159 2681 1246 2745 omni

244 2793 440 2860 servitutcet
453 2794 601 2858 omnibus
612 2793 954 2878 quaecunquehunrana
963 2813 1052 2857 mens
1067 2791 1247 2875 excogitare

244 2910 359 2991 potest,
374 2927 448 2971 cum
463 2904 610 2969 omnibus
625 2901 838 2986 dignitatibus
852 2907 886 2966 et
900 2901 1180 2966 consuetudinibus
1199 2925 1247 2967 re·

244 3016 370 3102 galibus
396 3038 473 3101 quas
497 3016 525 3080 ei
549 3014 647 3101 regali
671 3013 860 3078 auctoritate
885 3011 1034 3091 concessi,
1048 3011 1130 3076 sicut
1154 3018 1248 3077 carta

247 3151 325 3194 meae
339 3132 511 3194 testantur.
556 3126 638 3191 Volo
655 3125 762 3210 itaque
776 3123 951 3188 etfirmitcr
965 3123 1122 3208 praccipio,
1137 3130 1247 3209 quate·

245 3262 305 3304 nus
338 3238 466 3304 ecclesia
495 3237 560 3315 illa,
586 3258 659 3300 cum
689 3237 783 3319 leuga
805 3234 1048 3319 circumquaque
1073 3235 1248 3319 adjacente,

244 3350 343 3415 libera
357 3349 400 3414 sit
415 3349 455 3413 ab
471 3347 558 3413 omni
579 3347 794 3412 dominatione
816 3352 849 3409 et
870 3345 1068 3430 oppressione
1090 3346 1248 3431 episcopo·

246 3485 327 3540 rum,
343 3460 427 3524 sicut
452 3457 506 3522 illu
529 3481 597 3542 quae
620 3457 698 3520 mihi
721 3479 867 3521 coronam
890 3455 1014 3534 tribuit,
1031 3462 1063 3521 ct
1082 3479 1247 3541 perquam

244 3572 335 3654 viget
349 3571 442 3634 decus
457 3569 557 3633 nostri
573 3567 747 3651 regiminis.
791 3567 861 3631 Nec
877 3565 969 3630 liceat
984 3566 1128 3651 episcopo
1143 3566 1247 3631 Cices-

245 3681 355 3760 trensi,
371 3680 516 3766 quamvis
539 3679 573 3742 in
595 3677 680 3741 illins
702 3677 826 3741 dioecesi
849 3677 902 3755 sit,
916 3677 949 3739 iu
971 3675 1102 3740 ecelesia
1117 3675 1183 3755 illa,
1199 3676 1249 3740 vel

244 3792 280 3857 in
294 3791 442 3856 maneriis
463 3791 504 3854 ad
526 3812 595 3853 eam
618 3787 851 3872 pcrtinentibus
873 3809 912 3850 ex
931 3786 1160 3850 consuetudine
1174 3787 1247 3850 hos·

245 3902 352 3987 pitari,
387 3908 497 3967 contra
526 3899 723 3964 voluntatem
760 3896 903 3975 abbatis,
942 3918 999 3960 nec
1034 3896 1249 3961 ordinationes

244 4014 365 4099 aliquas
388 4013 504 4077 ibidem
530 4011 640 4088 facere,
654 4032 712 4072 nce
735 4007 895 4072 abbatiam
921 4007 956 4071 in
978 4007 1083 4091 aliquo
1105 4028 1247 4089 gnavare.

246 4126 308 4190 Sed
324 4146 425 4208 neque
441 4144 533 4208 super
547 4121 645 4200 illam,
663 4118 912 4185 dominationem
933 4117 1082 4202 aliquam,
1097 4122 1154 4180 aut
1172 4116 1250 4194 vim,

328 4286 337 4318 ¹
355 4281 523 4334 animarum?
720 4279 730 4311 ²
749 4274 1033 4334 Hist.Nororum,165
1048 4272 1175 4338 (Scldcn).
