3000 4972
334 553 374 610 52
583 569 713 612 rracrra
739 570 1087 615 naono-nonunwwrcs.

667 811 795 894 [beans
819 832 855 875 nr
879 813 1006 895 Rrsar.]

378 971 417 1033 In
450 972 539 1035 Risbi
567 973 681 1036 habuit
708 973 820 1036 Gamel
846 974 931 1037 1111.
957 980 1116 1036 carucatas
1143 980 1225 1035 terre
1258 995 1337 1056 quas

333 1083 477 1146 vendidit
491 1084 641 1147 AEldredo
656 1083 896 1167 archiepiscopo,
917 1089 1056 1166 tempore
1072 1084 1156 1166 regis
1172 1083 1336 1148 Willelmi.

334 1192 384 1256 De
399 1193 457 1256 hac
473 1201 556 1257 terra
566 1194 668 1276 jacuit
691 1194 765 1257 olim
791 1216 861 1256 soca
883 1194 916 1255 in
939 1193 1109 1271 Welleton,
1123 1194 1177 1257 sed
1199 1195 1336 1258 Thomas

333 1303 583 1387 archiepiscopus
598 1305 711 1368 habuit
733 1304 857 1368 brevem
881 1304 965 1387 regis
988 1304 1152 1380 Willelmi,
1165 1327 1220 1387 per
1241 1328 1334 1388 quem

332 1415 485 1477 concessit
494 1415 593 1497 ipsam
604 1439 706 1478 socam
724 1415 861 1498 quietam
875 1412 992 1477 Sancto
1003 1415 1023 1476 J
1024 1414 1140 1477 ohanni
1152 1414 1190 1477 de
1201 1415 1336 1479 Beureli.

334 1523 490 1587 Similiter
506 1524 545 1588 dc
570 1525 654 1589 lIlI.
678 1526 832 1589 carucatis
858 1533 939 1589 terre
969 1523 1002 1588 in
1029 1525 1236 1589 Walchinton
1265 1549 1334 1609 per·

333 1635 457 1699 tinebat
488 1657 559 1698 soca
585 1637 626 1699 ad
653 1636 823 1713 Wclleton,
839 1636 893 1699 sed
917 1658 971 1699 rex
997 1634 1178 1699 Willelmus
1204 1637 1335 1700 donavit

333 1768 401 1809 cam
419 1747 558 1829 quietam
580 1747 715 1811 Eldredo
741 1746 981 1830 archiepiscopo,
1010 1753 1146 1810 testante
1172 1755 1335 1830 wapentac

332 1858 387 1942 qui
403 1858 530 1921 brevem
547 1857 629 1940 regis
645 1857 717 1920 iude
733 1856 816 1920 vidit
830 1862 863 1920 et
878 1856 1010 1921 audivit.

637 2417 746 2501 [Lario
769 2436 808 2480 ar
831 2415 1034 2499 Tonsorem]

373 2603 419 2666 ‘In
434 2602 634 2685 Wesreding.
681 2601 836 2665 Homines
850 2602 889 2666 de
909 2603 1102 2666 Barchestou
1120 2606 1281 2686 wapentac
1302 2608 1335 2666 et

331 2715 370 2781 dc
387 2714 531 2779 Siraches
547 2720 709 2798 wapentac
724 2713 890 2796 perhibent
905 2714 1048 2777 Osberno
1068 2713 1106 2776 de
1128 2712 1221 2776 Arcis
1243 2713 1333 2777 testi·

332 2826 487 2905 monium,
503 2825 586 2910 quod
602 2824 776 2889 Gulbertus
790 2831 967 2888 antecessor
976 2823 1042 2907 ejus
1069 2822 1181 2886 habuit
1207 2846 1333 2889 omnem

332 2938 502 3015 Tornoure,
526 2936 672 3001 nesciunt
695 2937 784 3020 eujus
808 2935 900 2999 dono.
954 2933 994 2997 Id
1018 2940 1067 2998 est
1091 2934 1176 2997 IIII.
1194 2935 1335 2999 maneria

333 3049 432 3112 VIII.
448 3054 600 3111 carucata
616 3052 715 3112 terrae.
760 3046 822 3110 Sed
849 3045 951 3109 omnis
975 3045 1134 3109 'Pornoure
1149 3045 1237 3108 sedet
1252 3045 1335 3112 infra

332 3166 452 3222 metam
467 3157 589 3222 castelli
605 3157 753 3236 Habenti,
769 3156 940 3221 secundum
956 3155 1092 3252 primam
1107 3177 1285 3220 mensuram
1300 3163 1334 3222 et

334 3268 504 3332 secundum
521 3268 725 3333 vovissimam
741 3289 922 3332 mensuram
938 3265 1025 3332 sedet
1039 3270 1138 3330 extra.

422 3880 553 3962 [Rosna
576 3898 618 3942 na
639 3877 743 3941 Busm
766 3899 794 3941 o.
820 3878 977 3940 Wrnunu
1001 3897 1043 3941 na
1065 3876 1265 3961 wissara]

313 4021 321 4036 ⁸
379 4039 537 4104 Homines
552 4039 591 4103 dc
607 4037 784 4102 Strafordes
799 4041 961 4121 wapentac
976 4038 1186 4102 testificantur
1201 4037 1242 4101 ad
1255 4059 1335 4120 opus

335 4152 490 4217 Willelmi
504 4152 543 4216 de
558 4152 728 4228 warenna,
744 4149 789 4214 ΙΙ.
804 4153 965 4212 carucatas
979 4147 1018 4212 de
1032 4155 1116 4212 terra
1133 4147 1278 4212 Siuuardi
1300 4147 1335 4211 in

308 4323 313 4332 .
336 4264 488 4341 Clistunc,
504 4284 598 4348 quam
614 4260 772 4324 clamabat
788 4261 933 4344 Rogerus
947 4259 985 4323 dc
1002 4259 1101 4323 Busli.
