3000 4972
649 565 791 609 wlnnlan
813 564 837 610 1.

677 740 803 824 [um

286 875 441 940 Homines
468 874 593 938 Radulfi
617 875 656 939 de
678 875 854 939 Mortemer
875 879 908 938 et
930 870 1073 937 homines
1093 866 1243 933 Losoardi

241 987 400 1069 accipiunt
415 1008 535 1049 novum
551 985 732 1050 theloneum
754 985 788 1047 in
812 982 982 1062 Grimesbi,
998 981 1082 1067 quud
1104 1002 1167 1044 non
1183 978 1245 1042 suit

241 1104 383 1181 tempore
399 1096 482 1180 regis
491 1095 638 1159 Edwardi
655 1096 708 1159 sed
720 1094 897 1160 Losoardus
908 1099 1007 1178 negat
1019 1115 1091 1156 suos
1100 1089 1245 1154 homines

242 1207 350 1273 fecisse
365 1230 419 1290 per
433 1229 515 1270 eum.

420 1522 664 1586 CLAMORES
690 1521 743 1584 IN
767 1520 1075 1585 CHETSTEVEN.

469 1701 618 1783 [Roaunr
633 1717 674 1760 ua
689 1699 816 1761 'Ponam
831 1720 858 1761 a.
875 1696 1025 1779 dunum]

292 1835 333 1897 In
354 1836 533 1919 Pamptune
547 1840 636 1898 tenet
651 1834 672 1897 J
675 1833 765 1898 udita
779 1833 939 1898 comitissa
955 1833 1002 1897 II.
1022 1831 1161 1896 maneria
1175 1811 1248 1915 iluae

247 1945 377 2009 suerunt
400 1945 534 2009 AElmeri
557 1951 590 2009 et
612 1944 746 2009 fratrum
769 1944 844 2027 ejus.
892 1944 1048 2008 Rebertus
1071 1943 1109 2006 de
1131 1940 1250 2007 Tcdeni

247 2057 493 2142 calumpniatur,
509 2063 541 2120 et
563 2062 724 2139 wapentac
747 2062 854 2138 portat
876 2054 904 2120 ei
926 2054 1145 2119 testimonium
1167 2052 1251 2137 quod

249 2167 419 2232 deliberata
434 2175 510 2230 sunt
524 2167 553 2231 ei
569 2167 602 2230 in
618 2167 763 2250 eseangio
779 2190 834 2250 pro
850 2166 1041 2232 Mormtune.

378 2471 539 2553 [Guannr
562 2489 604 2531 nn
628 2469 725 2532 Gnun
748 2491 775 2532 a.
794 2469 926 2531 Rosanr
948 2487 990 2530 nn
1013 2466 1124 2549 Vncu]

295 2607 335 2669 In
367 2607 484 2688 Catorp
515 2604 658 2668 hundred
697 2603 814 2667 elamat
853 2601 1049 2666 Gislebertus
1087 2602 1125 2664 de
1156 2600 1250 2663 Gand

253 2740 346 2801 super
370 2717 547 2780 Rubertum
569 2714 608 2778 de
624 2714 702 2778 Veci
725 2719 851 2797 pratum
869 2712 951 2796 quod
975 2711 1036 2774 fuit
1052 2711 1150 2775 Eilric
1164 2718 1255 2775 antc-

251 2828 380 2893 eessoris
396 2827 456 2905 sni,
473 2827 526 2890 sed
544 2831 704 2908 wapentac
719 2823 895 2906 dicitquod
917 2821 1015 2885 isdem
1032 2821 1132 2884 AElrie
1149 2828 1254 2884 totum

253 2947 380 3024 pratum
408 2937 531 3014 habuit,
559 2958 615 2998 nec
644 2942 822 2998 antecessor
848 2931 1018 2997 Gisleberti
1042 2932 1115 2995 inde
1137 2932 1257 3016 aliquid

253 3050 379 3127 habuit,
396 3048 457 3111 nisi
473 3071 527 3130 per
542 3046 727 3109 locationem
746 3044 908 3108 mercedis.

458 3363 599 3446 [Currus
621 3379 660 3422 ou
683 3359 801 3421 Dnoco
825 3376 864 3419 na
890 3354 1069 3437 Banasam]

302 3500 463 3563 Clamores
493 3521 571 3583 quos
594 3498 702 3578 Drogo
729 3495 767 3557 de
791 3495 925 3557 Beurere
948 3490 1025 3556 fucit
1047 3510 1140 3571 super
1162 3493 1261 3550 terras

257 3611 407 3690 Mercari,
424 3610 594 3674 dimittunt
609 3608 642 3671 in
654 3606 775 3690 judicio
791 3604 884 3688 regis.

451 3887 576 3970 [enm
600 3903 639 3951 or
665 3881 809 3942 Wrnrun
831 3897 873 3940 ua
896 3873 1073 3956 Amanum]

304 4022 464 4086 Walterus
488 4020 526 4084 de
563 4018 700 4081 Aincurt
739 4013 855 4077 elamat
894 4009 1060 4074 seruitium
1098 4005 1262 4068 hominum

261 4133 408 4198 Widonis
424 4133 462 4197 de
488 4129 706 4195 Rembudeurt
728 4125 761 4188 in
786 4121 925 4187 manerio
949 4120 1108 4194 Sidestan,
1124 4115 1177 4178 scd
1199 4136 1263 4177 nan

261 4246 356 4310 habet
372 4251 491 4308 rectum
508 4242 686 4304 clamorem.
