3000 4972
249 551 309 611 132
495 568 626 613 eunoun
649 568 998 613 ructo-uouunnmce.

248 717 418 783 Ricardum
443 719 481 783 de
505 719 672 784 Stanlache
694 720 801 783 abbati
825 720 1011 799 transmisit,
1026 725 1058 783 et
1080 720 1245 803 pecuniam

246 850 335 890 suam
351 829 528 893 eorumdem
549 829 654 913 plegio
677 829 801 912 recepit,
818 829 869 892 die
891 835 1012 893 statuto
1026 830 1197 912 placitandi
1212 836 1247 893 et

245 937 351 1022 plegio
367 939 537 1022 quietandi.
561 939 638 1002 Dies
653 946 760 1022 postea
776 944 917 1003 statutus
928 939 1026 1017 venit,
1036 962 1092 1004 nec
1103 940 1245 1023 placitor,

130 1048 134 1056 '
245 1070 301 1112 nec
328 1048 450 1132 plegius
473 1049 661 1132 quietandas
690 1049 791 1113 affuit.
847 1050 941 1114 Unde
964 1050 1061 1114 abbas
1083 1050 1246 1133 praedictos

245 1158 368 1242 plegios
382 1159 496 1223 ascitos
511 1159 612 1223 movit
625 1160 664 1224 de
679 1160 789 1223 habita
802 1183 836 1223 re
851 1160 1068 1242 questionem.
1112 1162 1157 1224 Et
1171 1161 1247 1245 quie

246 1269 279 1331 in
290 1292 395 1333 amore
411 1269 580 1334 familiares
594 1264 627 1335 ei'
638 1276 739 1348 crant,
751 1293 856 1334 eorum
870 1270 1065 1335 internuntio
1078 1272 1245 1350 mediante,

245 1379 328 1443 inter
353 1403 385 1442 se
411 1388 444 1444 et
469 1380 573 1464 ipsum
600 1380 825 1444 Ermenoldum
850 1388 955 1445 actum
983 1390 1031 1445 est
1057 1390 1094 1447 ut
1117 1382 1176 1446 iste
1198 1382 1246 1445 vir

247 1490 490 1555 misericordiam
517 1491 640 1555 abbatis
664 1499 825 1575 quaereret,
849 1498 883 1555 et
908 1491 966 1554 hoc
993 1492 1031 1556 de
1061 1493 1125 1556 suis
1155 1492 1247 1556 rebus

245 1601 351 1666 abbati
375 1610 407 1666 et
430 1602 566 1666 ecclesia
588 1601 802 1666 Abbendoniae
824 1601 1014 1681 concederet,
1038 1610 1075 1666 ut
1097 1603 1245 1687 quicquid

244 1721 334 1775 terrae
349 1713 485 1776 habebat
500 1736 556 1776 sua
571 1712 787 1797 procuratione
797 1712 830 1776 in
841 1711 944 1795 burgo
954 1720 987 1775 et
997 1713 1035 1777 dc
1047 1713 1121 1777 foris
1133 1714 1245 1797 burgo,

244 1823 310 1886 sive
324 1823 383 1885 sibi
405 1822 536 1906 propriae
558 1823 624 1887 sive
647 1822 680 1885 in
695 1822 807 1886 vadem
830 1822 950 1905 positae,
969 1845 1025 1886 nec
1042 1830 1148 1887 tamen
1163 1831 1246 1888 esset

244 1934 340 2017 regis,
356 1934 492 2013 beronis,
508 1941 564 1998 aut
579 1935 725 2020 episcopi,
740 1940 845 1998 totum
858 1934 953 1997 simul
964 1933 1093 1999 ecclesia
1107 1935 1245 2000 haberet.

244 2045 442 2109 Creditores¹
469 2051 576 2109 autem
606 2052 707 2122 terrae,
733 2045 760 2107 ei
790 2051 917 2128 possent
948 2045 987 2108 ab
1014 2046 1127 2110 abbate
1156 2068 1245 2109 suam

244 2163 360 2220 terram
376 2177 414 2218 ex
430 2153 608 2219 vadimonio
631 2155 782 2238 quietare,
799 2155 971 2239 reciperent
986 2178 1073 2233 cam;
1098 2156 1146 2220 sin
1162 2180 1244 2234 vcro,

243 2265 351 2329 abbati
367 2270 400 2328 et
415 2264 576 2327 monachis
591 2268 832 2348 permanerent.²
877 2266 923 2328 At
939 2289 1012 2329 vero
1034 2266 1129 2330 abbas
1145 2266 1245 2330 eidem

244 2375 311 2439 viro
325 2376 491 2450 concessit,
507 2383 544 2439 ut
558 2376 585 2439 si
601 2376 698 2440 vellet
720 2378 897 2463 monachus
914 2375 991 2455 fieri,
1007 2379 1195 2442 monachum
1211 2379 1245 2442 in

243 2487 443 2552 Abbendona
457 2509 528 2550 eum
545 2487 668 2551 faceret.
701 2485 794 2551 Quod
810 2486 838 2550 si
852 2487 961 2550 mallet
977 2487 1010 2550 in
1027 2487 1102 2551 villa
1117 2489 1244 2553 Abben-

243 2597 343 2663 doniae
352 2596 450 2661 laicus
461 2597 584 2681 degere,
596 2595 769 2680 hospitium
783 2596 812 2659 ei
820 2605 1037 2680 procuraretur
1046 2599 1244 2680 conveniens,

243 2716 276 2774 et
291 2708 395 2772 victus
413 2707 507 2770 unius
527 2707 673 2772 monachi
695 2706 836 2771 etunius
851 2707 1016 2771 servientis
1030 2708 1092 2772 sibi
1106 2709 1243 2774 daretur.

247 2822 317 2884 Hoc
334 2819 453 2882 factum
476 2824 525 2882 est
549 2817 582 2880 in
605 2817 698 2881 domo
720 2817 869 2902 praedicta
892 2818 1084 2896 Ermenoldi,
1099 2842 1156 2882 sue
1171 2842 1244 2883 con-

243 2933 320 3016 juge
344 2935 377 2995 et
406 2930 470 2993 filio
498 2953 557 2993 suo
585 2928 746 2991 Wiilelmo
773 2932 943 3005 annuente,
970 2950 1072 2992 coram
1098 2930 1245 3014 predicto

245 3042 399 3118 Waltero,
414 3048 447 3104 et
463 3040 598 3104 Ricardo
613 3040 654 3112 de,
668 3038 807 3117 Stanlac,
823 3043 856 3102 ct
879 3038 991 3103 multis
1011 3040 1090 3105 aliis.
1137 3042 1197 3105 Sed
1213 3047 1246 3106 et

244 3158 353 3234 postea
375 3150 408 3212 in
432 3150 689 3213 Portmennimot
710 3155 870 3214 ostensum
894 3157 927 3214 et
941 3172 1119 3215 concessum
1137 3152 1244 3217 eodem

247 3260 337 3324 modo
352 3268 385 3323 ct
399 3259 505 3323 eadem
522 3259 730 3323 conventione
745 3268 802 3326 est.
825 3273 835 3292 ⁸

588 3769 715 3854 [Annos
731 3771 925 3854 Vrncunn]³

247 3910 317 3976 [The
335 3908 415 3957 abbot
435 3905 465 3953 of
481 3904 619 3968 Abingdon
638 3904 742 3954 obteine
760 3906 918 3955 restoration
936 3907 1003 3955 from
1020 3908 1066 3958 the
1082 3908 1147 3971 king
1157 3908 1186 3956 oi
1202 3908 1247 3957 the

313 3982 430 4035 hundred
442 3981 471 4030 of
480 3981 599 4041 Hermer,
611 3983 675 4030 with
686 3981 758 4044 right
769 3984 799 4030 ot'
812 3983 1004 4041 marketthere‚
1013 3985 1042 4034 of
1049 3986 1114 4035 both
1126 3986 1156 4035 oi
1163 3986 1248 4036 which

343 4211 352 4243 ¹
370 4208 530 4262 Debitores?
929 4209 941 4243 ‘
958 4212 1139 4272 permaneret?

458 4285 469 4320 ⁸
486 4287 502 4334 2
515 4285 584 4335 Hiet.
598 4286 667 4334 Mon.
679 4283 792 4347 Abingd.
805 4286 852 4335 16³
864 4286 937 4349 (Rec.
951 4287 1041 4352 Com).
