3000 4972
248 581 308 642 302
662 601 834 645 Al’l‘uxulx.

246 755 374 815 cernente,
392 751 470 805 modo
488 751 570 816 nulla,
589 752 633 806 sed
653 758 821 822 potestesse,
840 759 867 808 et
886 754 1008 810 hundred
1024 756 1107 811 nescit
1119 758 1254 829 quomodo

246 837 326 892 hebet
338 838 406 892 hunc
418 843 524 903 terrem,
537 845 565 894 et
581 841 645 911 quia
663 860 746 911 neque
766 841 869 911 legatus
887 861 971 915 neque
989 844 1059 898 nlius
1076 846 1157 901 homo
1176 847 1253 901 venit

244 944 275 979 ex
289 930 362 995 parto
375 945 422 980 sun
435 927 480 997 qui
494 928 685 982 derationasset
698 929 766 983 hano
779 936 885 994 terram,
899 931 957 986 ideo
974 936 1015 986 est
1029 933 1056 987 in
1074 953 1158 988 manu
1177 935 1253 1006 regis

245 1031 304 1066 cum
318 1013 378 1067 ulia.
416 1014 456 1068 lt.
470 1015 503 1068 25
517 1015 543 1069 b.

290 1219 428 1288 [Renum
448 1220 668 1273 Presserunt
684 1236 809 1275 csnrnn
828 1222 965 1277 Souumn.
1002 1225 1148 1280 Voucnms
1161 1243 1195 1281 ro

664 1307 836 1378 winusus]

281 1410 412 1464 Rnnulsus
434 1410 579 1481 Piperelius
600 1411 797 1482 calumpniatur
814 1414 953 1468 dimidiam
972 1415 1071 1477 hidam,
1091 1422 1118 1471 et
1137 1418 1250 1472 XVIII.

246 1518 319 1552 acras
331 1518 381 1569 qne
390 1500 481 1568 jacent
494 1499 526 1551 nd
540 1498 675 1552 eeclesiam
688 1499 768 1569 hujus
781 1502 895 1555 manerii
908 1502 1054 1571 [Bothum]
1069 1509 1096 1557 et
1109 1504 1249 1558 dimidiam

245 1586 390 1647 ecclesiam,
409 1590 436 1638 et
455 1584 602 1655 Ingelricus
622 1586 754 1656 [invasor]
774 1606 826 1641 non
847 1589 898 1642 suit
917 1589 1031 1654 saisitus,
1051 1590 1096 1644 sed
1114 1609 1200 1645 comes
1217 1593 1249 1647 Id.

245 1673 317 1728 dedit
329 1673 433 1728 cnidum
446 1692 493 1727 suo
505 1673 584 1727 militi
598 1674 667 1728 uude
679 1680 785 1729 revocat
796 1694 856 1730 eom
868 1676 902 1730 od
913 1676 1086 1732 defensorem.
1124 1678 1165 1733 Ib.
1179 1680 1249 1734 311).

424 1907 548 1976 [Menon
568 1923 604 1961 oe
623 1907 731 1961 Luem.
769 1907 854 1962 Leno
872 1925 908 1962 on
921 1909 1070 1978 Seruum]

282 2020 361 2074 Istud
379 2038 482 2091 quoqne
495 2019 644 2073 manerium
665 2019 777 2090 [Legna]
797 2025 915 2091 tempore
934 2021 1004 2091 regis
1024 2021 1148 2076 Edwardi
1176 2022 1251 2076 dedit

245 2108 363 2178 Esgnrus
383 2105 508 2167 IIoroldO,
527 2112 554 2159 et
575 2105 706 2159 Heroldus
726 2107 824 2160 iterum
844 2108 916 2161 dedit
933 2109 1038 2163 cnidum
1057 2128 1105 2162 suo
1117 2110 1250 2172 huncario,

245 2194 352 2248 nomine
364 2192 494 2262 scalpino,
507 2197 534 2245 et
547 2192 598 2245 iste
610 2193 749 2263 Scolpinus
766 2193 840 2248 dedit
858 2194 933 2248 uxori
952 2214 1008 2250 sure
1026 2196 1054 2250 in
1073 2196 1142 2260 dote,
1156 2196 1249 2250 viden·

244 2281 316 2337 tibus
329 2281 369 2333 11.
383 2278 542 2342 hominibus,
555 2279 654 2333 scilicet
667 2268 773 2350 Rogero
786 2280 948 2344 marescalco,
959 2287 987 2336 et
995 2283 1109 2352 quodem
1123 2283 1247 2354 Anglico,

245 2375 271 2424 et
290 2369 338 2421 hoc
356 2370 471 2420 testatur
483 2365 611 2429 hundred,
625 2367 696 2437 quod
714 2367 856 2421 audieruut
868 2386 1052 2438 recognoscere
1072 2369 1202 2441 Scnlpino,
1221 2375 1249 2424 et

244 2462 385 2530 postquam
405 2474 450 2509 rex
471 2454 545 2508 venit
566 2453 594 2508 in
615 2454 682 2508 hanc
701 2458 798 2508 terram
819 2455 908 2510 tenuit
930 2455 994 2527 ipse,
1016 2458 1099 2512 donec
1125 2457 1176 2513 ivit
1201 2458 1249 2513 ubi

245 2550 366 2600 mortuus
378 2542 432 2597 suit
444 2543 472 2596 in
487 2541 605 2606 Ebroicu,
619 2541 646 2595 iu
660 2542 799 2613 utlagaria,
838 2542 879 2596 lb.
893 2544 938 2598 59.

529 2816 603 2885 [Fun
617 2831 653 2869 oe
672 2814 833 2869 Gnosium*
855 2830 893 2868 ue
912 2813 966 2883 nn]

280 2932 338 2986 lIec
358 2931 413 2984 III.
434 2929 551 2983 manerio
572 2928 614 2997 [in
635 2928 747 2995 Essene]
769 2925 894 2996 prrecepit
912 2945 958 2978 rex
981 2943 1028 2995 per
1048 2924 1196 2980 Bobertum
1216 2924 1261 2984 de

245 3019 348 3082 (tilleio,
368 3023 400 3071 ut
421 3018 503 3087 Ilugo
524 3020 626 3070 teneret
643 3015 675 3069 de
695 3013 832 3068 Goinfrido
850 3013 882 3067 de
902 3013 1076 3083 Magnuvilln,
1096 3012 1118 3066 si
1140 3012 1196 3082 ipse
1212 3012 1246 3066 G.

244 3111 333 3176 posset
353 3123 383 3158 eo
405 3103 589 3158 dorntiociuari
613 3102 645 3156 ad
667 3120 746 3155 suum
765 3101 885 3163 feudum,
907 3107 934 3155 et
955 3105 1099 3170 autequam
1118 3099 1151 3154 G.
1174 3100 1248 3153 dern-

243 3194 358 3248 tionnret
380 3210 410 3246 eu
431 3191 561 3261 pertinere
582 3209 630 3244 suo
655 3189 744 3252 feudo,
770 3188 851 3260 IIugo
876 3207 906 3243 ea
930 3188 1017 3244 tenuit
1042 3187 1074 3242 de
1098 3187 1247 3243 Goisfrido.

245 3281 286 3334 Ib.
300 3281 342 3333 61.

413 3460 557 3528 [Osirim
578 3458 734 3510 Fuusuen.
771 3457 868 3511 Cium
888 3473 924 3509 or
944 3455 1079 3523 Amen]

278 3573 321 3626 Ex
335 3571 376 3625 his
390 3571 492 3640 [liberis
502 3568 668 3637 homiuibus]
682 3569 770 3622 tenuit
783 3570 871 3639 Roger
881 3569 990 3638 [Bigot]
1001 3586 1086 3622 comes
1100 3567 1159 3621 ΙΙΙ.
1173 3567 1243 3620 intc-

244 3680 306 3734 gros
321 3679 380 3714 cum
399 3665 476 3721 tenu,
490 3657 557 3711 XII.
577 3655 644 3709 acrio
667 3661 694 3710 et
712 3656 830 3722 dimidio,
850 3656 956 3726 quando
975 3675 1002 3708 se
1019 3655 1153 3716 forisfecit,
1171 3655 1249 3708 modo

242 3755 317 3806 tenet
333 3748 461 3802 nitardus
475 3747 554 3799 homo
572 3743 672 3813 Rogeri
692 3743 782 3813 Bigot,
800 3747 827 3797 et
844 3743 971 3797 reclamet
988 3763 1019 3797 ex
1037 3743 1116 3797 feudo
1133 3742 1248 3812 episcopi

243 3836 403 3893 Boiocensis.
440 3834 490 3889 Sed
511 3834 560 3887 iste
578 3832 708 3886 Aitnrdus
727 3851 779 3884 nou
799 3831 879 3885 habet
898 3831 931 3885 ab
950 3836 1113 3886 antecessore
1130 3849 1177 3884 suo
1196 3831 1248 3886 uisi

242 3927 271 3981 in
285 3945 337 3981 uno
349 3924 459 3980 dimidio
471 3920 735 3983 commendationem,
749 3924 816 3973 teste
829 3919 953 3974 hundret.
992 3919 1033 3972 lb.
1049 3919 1107 3972 124.

579 4138 710 4207 [Trnnun
727 4154 753 4189 v.
772 4134 910 4203 Gonn1c.]

279 4245 361 4299 IInuc
373 4243 498 4313 [liberum
511 4241 645 4294 hominem
658 4237 856 4309 presbyterum]
867 4235 956 4290 tenuit
968 4235 1086 4288 Lcnstan
1099 4237 1247 4287 antecessor

243 4330 340 4394 Tilieli,
359 4335 475 4400 tempore
499 4328 569 4398 regis
591 4326 724 4388 Edn'nrdi,
745 4329 772 4378 et
794 4322 925 4377 Rndulfns
947 4340 1008 4375 eum
1028 4320 1116 4375 tenuit
1140 4318 1246 4391 quando
