<?xml version="1.0" encoding="UTF-8"?>
<!DOCTYPE html PUBLIC "-//W3C//DTD XHTML 1.0 Transitional//EN"
    "http://www.w3.org/TR/xhtml1/DTD/xhtml1-transitional.dtd">
<html xmlns="http://www.w3.org/1999/xhtml" xml:lang="en" lang="en">
 <head>
  <title>
</title>
<meta http-equiv="Content-Type" content="text/html;charset=utf-8" />
  <meta name='ocr-system' content='tesseract 3.04.00' />
  <meta name='ocr-capabilities' content='ocr_page ocr_carea ocr_par ocr_line ocrx_word'/>
</head>
<body>
  <div class='ocr_page' id='page_1' title='image "./placitaanglonor00bigegoog_0326.png"; bbox 0 0 3000 4972; ppageno 0'>
   <div class='ocr_carea' id='block_1_1' title="bbox 602 560 1194 623">
    <p class='ocr_par' dir='ltr' id='par_1_1' title="bbox 602 560 1194 623">
     <span class='ocr_line' id='line_1_1' title="bbox 602 560 1194 623; baseline 0.012 -8"><span class='ocrx_word' id='word_1_1' title='bbox 602 571 713 616; x_wconf 76' lang='lat' dir='ltr'>uuum</span> <span class='ocrx_word' id='word_1_2' title='bbox 736 573 774 616; x_wconf 90' lang='lat'>11.</span> <span class='ocrx_word' id='word_1_3' title='bbox 1133 560 1194 623; x_wconf 77' lang='lat'>25⁷</span> 
     </span>
    </p>
   </div>
   <div class='ocr_carea' id='block_1_2' title="bbox 187 717 1194 1248">
    <p class='ocr_par' dir='ltr' id='par_1_2' title="bbox 187 717 1194 1248">
     <span class='ocr_line' id='line_1_2' title="bbox 193 717 1194 812; baseline 0.013 -31"><span class='ocrx_word' id='word_1_4' title='bbox 193 717 397 783; x_wconf 83' lang='lat' dir='ltr'>Gloucestriae</span> <span class='ocrx_word' id='word_1_5' title='bbox 412 719 450 784; x_wconf 89' lang='lat' dir='ltr'>de</span> <span class='ocrx_word' id='word_1_6' title='bbox 466 743 529 784; x_wconf 83' lang='lat' dir='ltr'>une</span> <span class='ocrx_word' id='word_1_7' title='bbox 543 721 629 806; x_wconf 77' lang='lat' dir='ltr'><strong>hyda</strong></span> <span class='ocrx_word' id='word_1_8' title='bbox 643 728 734 787; x_wconf 83' lang='lat' dir='ltr'>terrae</span> <span class='ocrx_word' id='word_1_9' title='bbox 748 725 786 791; x_wconf 86' lang='lat' dir='ltr'>dc</span> <span class='ocrx_word' id='word_1_10' title='bbox 801 724 833 788; x_wconf 86' lang='lat' dir='ltr'>la</span> <span class='ocrx_word' id='word_1_11' title='bbox 850 725 946 811; x_wconf 87' lang='lat' dir='ltr'>Hyde</span> <span class='ocrx_word' id='word_1_12' title='bbox 961 750 1057 812; x_wconf 83' lang='lat' dir='ltr'>quam</span> <span class='ocrx_word' id='word_1_13' title='bbox 1073 734 1194 794; x_wconf 89' lang='lat' dir='ltr'>tenent.</span> 
     </span>
     <span class='ocr_line' id='line_1_3' title="bbox 193 828 1194 921; baseline 0.012 -31"><span class='ocrx_word' id='word_1_14' title='bbox 193 828 238 891; x_wconf 88' lang='lat' dir='ltr'>Et</span> <span class='ocrx_word' id='word_1_15' title='bbox 253 828 402 911; x_wconf 88' lang='lat' dir='ltr'>prohibeo</span> <span class='ocrx_word' id='word_1_16' title='bbox 415 852 454 894; x_wconf 89' lang='lat' dir='ltr'>ne</span> <span class='ocrx_word' id='word_1_17' title='bbox 468 830 530 914; x_wconf 86' lang='lat' dir='ltr'>ipsi</span> <span class='ocrx_word' id='word_1_18' title='bbox 540 830 613 895; x_wconf 90' lang='lat' dir='ltr'>inde</span> <span class='ocrx_word' id='word_1_19' title='bbox 627 831 745 915; x_wconf 79' lang='lat' dir='ltr'>injuste</span> <span class='ocrx_word' id='word_1_20' title='bbox 756 846 920 914; x_wconf 82' lang='lat' dir='ltr'>vexentur,</span> <span class='ocrx_word' id='word_1_21' title='bbox 931 837 981 900; x_wconf 87' lang='lat' dir='ltr'>vel</span> <span class='ocrx_word' id='word_1_22' title='bbox 996 837 1029 900; x_wconf 89' lang='lat' dir='ltr'>in</span> <span class='ocrx_word' id='word_1_23' title='bbox 1042 837 1194 921; x_wconf 83' lang='lat' dir='ltr'>placitum</span> 
     </span>
     <span class='ocr_line' id='line_1_4' title="bbox 193 940 1194 1030; baseline 0.013 -31"><span class='ocrx_word' id='word_1_24' title='bbox 193 943 363 1020; x_wconf 86' lang='lat' dir='ltr'>ponantur,</span> <span class='ocrx_word' id='word_1_25' title='bbox 378 946 433 1003; x_wconf 82' lang='lat' dir='ltr'>aut</span> <span class='ocrx_word' id='word_1_26' title='bbox 448 940 481 1003; x_wconf 89' lang='lat' dir='ltr'>in</span> <span class='ocrx_word' id='word_1_27' title='bbox 499 941 620 1025; x_wconf 83' lang='lat' dir='ltr'>aliquas</span> <span class='ocrx_word' id='word_1_28' title='bbox 642 945 883 1010; x_wconf 82' lang='lat' dir='ltr'>consuetudines</span> <span class='ocrx_word' id='word_1_29' title='bbox 905 968 983 1030; x_wconf 86' lang='lat' dir='ltr'>quas</span> <span class='ocrx_word' id='word_1_30' title='bbox 1006 946 1107 1012; x_wconf 84' lang='lat' dir='ltr'>facere</span> <span class='ocrx_word' id='word_1_31' title='bbox 1128 971 1194 1014; x_wconf 89' lang='lat' dir='ltr'>non</span> 
     </span>
     <span class='ocr_line' id='line_1_5' title="bbox 192 1047 1193 1138; baseline 0.013 -27"><span class='ocrx_word' id='word_1_32' title='bbox 192 1047 336 1112; x_wconf 84' lang='lat' dir='ltr'>solebant</span> <span class='ocrx_word' id='word_1_33' title='bbox 350 1056 489 1135; x_wconf 86' lang='lat' dir='ltr'>tcmpcrc</span> <span class='ocrx_word' id='word_1_34' title='bbox 505 1052 587 1135; x_wconf 86' lang='lat' dir='ltr'>regis</span> <span class='ocrx_word' id='word_1_35' title='bbox 605 1053 736 1117; x_wconf 89' lang='lat' dir='ltr'>chriei</span> <span class='ocrx_word' id='word_1_36' title='bbox 751 1055 803 1118; x_wconf 85' lang='lat' dir='ltr'>nvi</span> <span class='ocrx_word' id='word_1_37' title='bbox 819 1056 889 1120; x_wconf 93' lang='lat' dir='ltr'>mei.</span> <span class='ocrx_word' id='word_1_38' title='bbox 935 1058 980 1121; x_wconf 90' lang='lat' dir='ltr'>Et</span> <span class='ocrx_word' id='word_1_39' title='bbox 995 1058 1058 1122; x_wconf 90' lang='lat' dir='ltr'>nisi</span> <span class='ocrx_word' id='word_1_40' title='bbox 1074 1058 1193 1138; x_wconf 74' lang='lat' dir='ltr'>feceriS,</span> 
     </span>
     <span class='ocr_line' id='line_1_6' title="bbox 187 1158 1193 1248; baseline 0.013 -27"><span class='ocrx_word' id='word_1_41' title='bbox 187 1158 315 1241; x_wconf 85' lang='lat' dir='ltr'>justitia</span> <span class='ocrx_word' id='word_1_42' title='bbox 339 1183 408 1225; x_wconf 82' lang='lat' dir='ltr'>mea</span> <span class='ocrx_word' id='word_1_43' title='bbox 430 1160 535 1240; x_wconf 83' lang='lat' dir='ltr'>faciat,</span> <span class='ocrx_word' id='word_1_44' title='bbox 555 1185 595 1226; x_wconf 90' lang='lat' dir='ltr'>ne</span> <span class='ocrx_word' id='word_1_45' title='bbox 617 1163 753 1248; x_wconf 85' lang='lat' dir='ltr'>amplius</span> <span class='ocrx_word' id='word_1_46' title='bbox 776 1166 849 1230; x_wconf 90' lang='lat' dir='ltr'>inde</span> <span class='ocrx_word' id='word_1_47' title='bbox 871 1166 1039 1232; x_wconf 81' lang='lat' dir='ltr'>clamorem</span> <span class='ocrx_word' id='word_1_48' title='bbox 1066 1169 1193 1234; x_wconf 84' lang='lat' dir='ltr'><strong>audiam</strong></span> 
     </span>
    </p>
   </div>
   <div class='ocr_carea' id='block_1_3' title="bbox 192 1271 1193 1447">
    <p class='ocr_par' dir='ltr' id='par_1_3' title="bbox 192 1271 1193 1447">
     <span class='ocr_line' id='line_1_7' title="bbox 192 1271 1193 1361; baseline 0.012 -29"><span class='ocrx_word' id='word_1_49' title='bbox 192 1292 248 1353; x_wconf 91' lang='lat' dir='ltr'>pro</span> <span class='ocrx_word' id='word_1_50' title='bbox 263 1271 394 1354; x_wconf 85' lang='lat' dir='ltr'>penuria</span> <span class='ocrx_word' id='word_1_51' title='bbox 410 1273 496 1337; x_wconf 85' lang='lat' dir='ltr'>recti.</span> <span class='ocrx_word' id='word_1_52' title='bbox 542 1275 634 1338; x_wconf 82' lang='lat' dir='ltr'>Teste</span> <span class='ocrx_word' id='word_1_53' title='bbox 646 1275 782 1339; x_wconf 89' lang='lat' dir='ltr'>Widone</span> <span class='ocrx_word' id='word_1_54' title='bbox 797 1275 914 1342; x_wconf 82' lang='lat' dir='ltr'>deceno</span> <span class='ocrx_word' id='word_1_55' title='bbox 937 1277 1022 1361; x_wconf 87' lang='lat' dir='ltr'>apud</span> <span class='ocrx_word' id='word_1_56' title='bbox 1045 1279 1193 1345; x_wconf 87' lang='lat' dir='ltr'>Glouces·</span> 
     </span>
     <span class='ocr_line' id='line_1_8' title="bbox 192 1381 298 1447; baseline 0.019 -2"><span class='ocrx_word' id='word_1_57' title='bbox 192 1381 298 1447; x_wconf 84' lang='lat' dir='ltr'>triam.</span> 
     </span>
    </p>
   </div>
   <div class='ocr_carea' id='block_1_4' title="bbox 222 1926 1173 2014">
    <p class='ocr_par' dir='ltr' id='par_1_4' title="bbox 222 1926 1173 2014">
     <span class='ocr_line' id='line_1_9' title="bbox 222 1926 1173 2014; baseline -0.001 -20"><span class='ocrx_word' id='word_1_58' title='bbox 222 1929 359 2013; x_wconf 72' lang='lat' dir='ltr'>[Mortes</span> <span class='ocrx_word' id='word_1_59' title='bbox 382 1949 448 1993; x_wconf 74' lang='lat' dir='ltr'>run</span> <span class='ocrx_word' id='word_1_60' title='bbox 471 1930 553 1994; x_wconf 78' lang='lat' dir='ltr'>Mur</span> <span class='ocrx_word' id='word_1_61' title='bbox 575 1949 615 1994; x_wconf 84' lang='lat' dir='ltr'>or</span> <span class='ocrx_word' id='word_1_62' title='bbox 638 1930 859 1994; x_wconf 80' lang='lat' dir='ltr'>Gnoucnsrnn.</span> <span class='ocrx_word' id='word_1_63' title='bbox 907 1926 1173 2014; x_wconf 67' lang='grc' dir='ltr'>1154-1164.]ι</span> 
     </span>
    </p>
   </div>
   <div class='ocr_carea' id='block_1_5' title="bbox 193 2081 1195 2223">
    <p class='ocr_par' dir='ltr' id='par_1_5' title="bbox 193 2081 1195 2223">
     <span class='ocr_line' id='line_1_10' title="bbox 193 2081 1195 2147; baseline 0 -17"><span class='ocrx_word' id='word_1_64' title='bbox 193 2083 248 2131; x_wconf 76' lang='lat' dir='ltr'>&#39;l&#39;he</span> <span class='ocrx_word' id='word_1_65' title='bbox 258 2083 345 2147; x_wconf 78' lang='lat' dir='ltr'>king&#39;s</span> <span class='ocrx_word' id='word_1_66' title='bbox 356 2084 417 2132; x_wconf 83' lang='lat' dir='ltr'>writ</span> <span class='ocrx_word' id='word_1_67' title='bbox 428 2082 560 2145; x_wconf 75' lang='lat' dir='ltr'>dimoting</span> <span class='ocrx_word' id='word_1_68' title='bbox 569 2083 629 2132; x_wconf 79' lang='lat' dir='ltr'>thet</span> <span class='ocrx_word' id='word_1_69' title='bbox 640 2082 686 2131; x_wconf 88' lang='lat' dir='ltr'>the</span> <span class='ocrx_word' id='word_1_70' title='bbox 697 2083 790 2131; x_wconf 86' lang='lat' dir='ltr'>monks</span> <span class='ocrx_word' id='word_1_71' title='bbox 801 2082 831 2130; x_wconf 82' lang='lat' dir='ltr'>of</span> <span class='ocrx_word' id='word_1_72' title='bbox 837 2081 991 2132; x_wconf 76' lang='lat' dir='ltr'>Gloncester</span> <span class='ocrx_word' id='word_1_73' title='bbox 999 2082 1052 2132; x_wconf 82' lang='lat' dir='ltr'>end</span> <span class='ocrx_word' id='word_1_74' title='bbox 1058 2082 1129 2131; x_wconf 87' lang='lat' dir='ltr'>their</span> <span class='ocrx_word' id='word_1_75' title='bbox 1135 2096 1195 2130; x_wconf 83' lang='lat' dir='ltr'>men</span> 
     </span>
     <span class='ocr_line' id='line_1_11' title="bbox 381 2158 1015 2223; baseline -0.002 -14"><span class='ocrx_word' id='word_1_76' title='bbox 381 2160 414 2209; x_wconf 86' lang='lat' dir='ltr'>be</span> <span class='ocrx_word' id='word_1_77' title='bbox 424 2162 528 2223; x_wconf 84' lang='lat' dir='ltr'>exempt</span> <span class='ocrx_word' id='word_1_78' title='bbox 540 2160 672 2214; x_wconf 70' lang='lat' dir='ltr'>frumolt,</span> <span class='ocrx_word' id='word_1_79' title='bbox 684 2163 807 2218; x_wconf 82' lang='lat' dir='ltr'>customs,</span> <span class='ocrx_word' id='word_1_80' title='bbox 819 2159 871 2208; x_wconf 78' lang='lat' dir='ltr'>end</span> <span class='ocrx_word' id='word_1_81' title='bbox 882 2158 1015 2223; x_wconf 73' lang='lat' dir='ltr'>passage]</span> 
     </span>
    </p>
   </div>
   <div class='ocr_carea' id='block_1_6' title="bbox 193 2272 1196 3373">
    <p class='ocr_par' dir='ltr' id='par_1_6' title="bbox 193 2272 1196 3373">
     <span class='ocr_line' id='line_1_12' title="bbox 195 2272 1194 2387; baseline 0.002 -29"><span class='ocrx_word' id='word_1_82' title='bbox 195 2295 378 2375; x_wconf 72' lang='lat' dir='ltr'>Hminem,</span> <span class='ocrx_word' id='word_1_83' title='bbox 404 2320 458 2361; x_wconf 85' lang='lat' dir='ltr'>rex</span> <span class='ocrx_word' id='word_1_84' title='bbox 487 2297 625 2380; x_wconf 82' lang='lat' dir='ltr'>Angliae,</span> <span class='ocrx_word' id='word_1_85' title='bbox 651 2303 684 2387; x_wconf 82' lang='lat' dir='ltr'>ct</span> <span class='ocrx_word' id='word_1_86' title='bbox 709 2295 775 2359; x_wconf 83' lang='lat' dir='ltr'>dux</span> <span class='ocrx_word' id='word_1_87' title='bbox 798 2295 1004 2360; x_wconf 82' lang='lat' dir='ltr'>Normanniae</span> <span class='ocrx_word' id='word_1_88' title='bbox 1035 2302 1068 2360; x_wconf 91' lang='lat' dir='ltr'>et</span> <span class='ocrx_word' id='word_1_89' title='bbox 1092 2272 1194 2380; x_wconf 61' lang='lat' dir='ltr'>Aqui·</span> 
     </span>
     <span class='ocr_line' id='line_1_13' title="bbox 193 2405 1195 2490; baseline 0.002 -22"><span class='ocrx_word' id='word_1_90' title='bbox 193 2406 321 2485; x_wconf 82' lang='lat' dir='ltr'>tanniae,</span> <span class='ocrx_word' id='word_1_91' title='bbox 336 2412 370 2470; x_wconf 90' lang='lat' dir='ltr'>et</span> <span class='ocrx_word' id='word_1_92' title='bbox 384 2429 488 2471; x_wconf 88' lang='lat' dir='ltr'>comes</span> <span class='ocrx_word' id='word_1_93' title='bbox 511 2405 715 2490; x_wconf 80' lang='lat' dir='ltr'>Andegaviae,</span> <span class='ocrx_word' id='word_1_94' title='bbox 734 2406 930 2490; x_wconf 73' lang='lat' dir='ltr'>justiciariis,</span> <span class='ocrx_word' id='word_1_95' title='bbox 949 2406 1195 2484; x_wconf 79' lang='lat' dir='ltr'>vicecomitibus,</span> 
     </span>
     <span class='ocr_line' id='line_1_14' title="bbox 195 2515 1196 2601; baseline 0.003 -23"><span class='ocrx_word' id='word_1_96' title='bbox 195 2520 228 2578; x_wconf 90' lang='lat' dir='ltr'>et</span> <span class='ocrx_word' id='word_1_97' title='bbox 250 2515 406 2580; x_wconf 76' lang='lat' dir='ltr'>ministris</span> <span class='ocrx_word' id='word_1_98' title='bbox 420 2516 497 2595; x_wconf 83' lang='lat' dir='ltr'>suis,</span> <span class='ocrx_word' id='word_1_99' title='bbox 514 2516 644 2580; x_wconf 84' lang='lat' dir='ltr'>Francis</span> <span class='ocrx_word' id='word_1_100' title='bbox 659 2522 692 2581; x_wconf 89' lang='lat' dir='ltr'>ct</span> <span class='ocrx_word' id='word_1_101' title='bbox 707 2517 836 2601; x_wconf 85' lang='lat' dir='ltr'>Anglis,</span> <span class='ocrx_word' id='word_1_102' title='bbox 851 2516 998 2581; x_wconf 82' lang='lat' dir='ltr'>salutem.</span> <span class='ocrx_word' id='word_1_103' title='bbox 1045 2517 1196 2601; x_wconf 82' lang='lat' dir='ltr'>Praecipio</span> 
     </span>
     <span class='ocr_line' id='line_1_15' title="bbox 194 2625 1195 2710; baseline 0.002 -22"><span class='ocrx_word' id='word_1_104' title='bbox 194 2625 277 2709; x_wconf 86' lang='lat' dir='ltr'>quod</span> <span class='ocrx_word' id='word_1_105' title='bbox 306 2627 452 2690; x_wconf 80' lang='lat' dir='ltr'>monachi</span> <span class='ocrx_word' id='word_1_106' title='bbox 483 2625 688 2690; x_wconf 83' lang='lat' dir='ltr'>Gloucestriae</span> <span class='ocrx_word' id='word_1_107' title='bbox 713 2631 747 2690; x_wconf 86' lang='lat' dir='ltr'>et</span> <span class='ocrx_word' id='word_1_108' title='bbox 773 2627 891 2710; x_wconf 91' lang='lat' dir='ltr'>proprii</span> <span class='ocrx_word' id='word_1_109' title='bbox 914 2626 1058 2691; x_wconf 90' lang='lat' dir='ltr'>homiues</span> <span class='ocrx_word' id='word_1_110' title='bbox 1087 2649 1195 2691; x_wconf 90' lang='lat' dir='ltr'>eorum</span> 
     </span>
     <span class='ocr_line' id='line_1_16' title="bbox 194 2735 1194 2820; baseline 0.001 -22"><span class='ocrx_word' id='word_1_111' title='bbox 194 2735 261 2800; x_wconf 90' lang='lat' dir='ltr'>sint</span> <span class='ocrx_word' id='word_1_112' title='bbox 282 2736 391 2820; x_wconf 83' lang='lat' dir='ltr'>quieti,</span> <span class='ocrx_word' id='word_1_113' title='bbox 415 2735 592 2819; x_wconf 89' lang='lat' dir='ltr'>ubicunque</span> <span class='ocrx_word' id='word_1_114' title='bbox 616 2735 902 2815; x_wconf 79' lang='lat' dir='ltr'>transfretaverint,</span> <span class='ocrx_word' id='word_1_115' title='bbox 929 2736 980 2801; x_wconf 83' lang='lat' dir='ltr'>vel</span> <span class='ocrx_word' id='word_1_116' title='bbox 1004 2736 1133 2816; x_wconf 82' lang='lat' dir='ltr'>fuerint,</span> <span class='ocrx_word' id='word_1_117' title='bbox 1160 2737 1194 2800; x_wconf 90' lang='lat' dir='ltr'>in</span> 
     </span>
     <span class='ocr_line' id='line_1_17' title="bbox 193 2846 1192 2931; baseline 0.003 -21"><span class='ocrx_word' id='word_1_118' title='bbox 193 2853 277 2911; x_wconf 79' lang='lat' dir='ltr'>terra</span> <span class='ocrx_word' id='word_1_119' title='bbox 300 2868 379 2924; x_wconf 84' lang='lat' dir='ltr'>mea,</span> <span class='ocrx_word' id='word_1_120' title='bbox 404 2853 436 2911; x_wconf 87' lang='lat' dir='ltr'>et</span> <span class='ocrx_word' id='word_1_121' title='bbox 458 2846 572 2925; x_wconf 87' lang='lat' dir='ltr'>victus,</span> <span class='ocrx_word' id='word_1_122' title='bbox 602 2852 635 2911; x_wconf 90' lang='lat' dir='ltr'>et</span> <span class='ocrx_word' id='word_1_123' title='bbox 663 2847 849 2925; x_wconf 89' lang='lat' dir='ltr'>corredium,</span> <span class='ocrx_word' id='word_1_124' title='bbox 875 2853 908 2910; x_wconf 88' lang='lat' dir='ltr'>et</span> <span class='ocrx_word' id='word_1_125' title='bbox 934 2869 983 2909; x_wconf 89' lang='lat' dir='ltr'>res</span> <span class='ocrx_word' id='word_1_126' title='bbox 1013 2846 1192 2931; x_wconf 89' lang='lat' dir='ltr'>ubicunque</span> 
     </span>
     <span class='ocr_line' id='line_1_18' title="bbox 193 2935 1194 3040; baseline 0.002 -19"><span class='ocrx_word' id='word_1_127' title='bbox 193 2956 328 3021; x_wconf 86' lang='lat' dir='ltr'>emerint</span> <span class='ocrx_word' id='word_1_128' title='bbox 353 2956 403 3020; x_wconf 89' lang='lat' dir='ltr'>vel</span> <span class='ocrx_word' id='word_1_129' title='bbox 430 2935 642 3021; x_wconf 26' lang='lat' dir='ltr'>vendiderint*</span> <span class='ocrx_word' id='word_1_130' title='bbox 658 2956 698 3020; x_wconf 79' lang='lat' dir='ltr'>ad</span> <span class='ocrx_word' id='word_1_131' title='bbox 724 2978 803 3040; x_wconf 88' lang='lat' dir='ltr'>opus</span> <span class='ocrx_word' id='word_1_132' title='bbox 830 2977 922 3019; x_wconf 90' lang='lat' dir='ltr'>suum</span> <span class='ocrx_word' id='word_1_133' title='bbox 951 2955 1125 3039; x_wconf 89' lang='lat' dir='ltr'>proprium,</span> <span class='ocrx_word' id='word_1_134' title='bbox 1155 2959 1194 3023; x_wconf 85' lang='lat' dir='ltr'>ab</span> 
     </span>
     <span class='ocr_line' id='line_1_19' title="bbox 195 3065 1194 3151; baseline 0.001 -19"><span class='ocrx_word' id='word_1_135' title='bbox 195 3067 282 3132; x_wconf 90' lang='lat' dir='ltr'>omni</span> <span class='ocrx_word' id='word_1_136' title='bbox 307 3065 461 3145; x_wconf 89' lang='lat' dir='ltr'>theloneo,</span> <span class='ocrx_word' id='word_1_137' title='bbox 488 3071 521 3129; x_wconf 88' lang='lat' dir='ltr'>et</span> <span class='ocrx_word' id='word_1_138' title='bbox 544 3066 782 3143; x_wconf 86' lang='lat' dir='ltr'>consuetudine,</span> <span class='ocrx_word' id='word_1_139' title='bbox 805 3072 839 3131; x_wconf 89' lang='lat' dir='ltr'>et</span> <span class='ocrx_word' id='word_1_140' title='bbox 853 3065 1010 3149; x_wconf 78' lang='lat' dir='ltr'>passagio.</span> <span class='ocrx_word' id='word_1_141' title='bbox 1056 3067 1101 3131; x_wconf 92' lang='lat' dir='ltr'>Et</span> <span class='ocrx_word' id='word_1_142' title='bbox 1122 3091 1194 3151; x_wconf 88' lang='lat' dir='ltr'>pro·</span> 
     </span>
     <span class='ocr_line' id='line_1_20' title="bbox 194 3176 1193 3262; baseline 0.002 -19"><span class='ocrx_word' id='word_1_143' title='bbox 194 3179 286 3244; x_wconf 90' lang='lat' dir='ltr'>hibeo</span> <span class='ocrx_word' id='word_1_144' title='bbox 310 3200 350 3243; x_wconf 88' lang='lat' dir='ltr'>ne</span> <span class='ocrx_word' id='word_1_145' title='bbox 375 3177 445 3262; x_wconf 87' lang='lat' dir='ltr'>quis</span> <span class='ocrx_word' id='word_1_146' title='bbox 470 3199 522 3241; x_wconf 88' lang='lat' dir='ltr'>ecs</span> <span class='ocrx_word' id='word_1_147' title='bbox 547 3176 705 3242; x_wconf 86' lang='lat' dir='ltr'>disturbet</span> <span class='ocrx_word' id='word_1_148' title='bbox 733 3199 828 3262; x_wconf 88' lang='lat' dir='ltr'>super</span> <span class='ocrx_word' id='word_1_149' title='bbox 851 3176 959 3242; x_wconf 87' lang='lat' dir='ltr'>decem</span> <span class='ocrx_word' id='word_1_150' title='bbox 982 3177 1078 3242; x_wconf 82' lang='lat' dir='ltr'>libras</span> <span class='ocrx_word' id='word_1_151' title='bbox 1103 3179 1193 3245; x_wconf 79' lang='lat' dir='ltr'>scris-</span> 
     </span>
     <span class='ocr_line' id='line_1_21' title="bbox 194 3287 1158 3373; baseline 0.001 -19"><span class='ocrx_word' id='word_1_152' title='bbox 194 3290 331 3354; x_wconf 82' lang='lat' dir='ltr'>facturae.</span> <span class='ocrx_word' id='word_1_153' title='bbox 377 3291 469 3353; x_wconf 82' lang='lat' dir='ltr'>Teste</span> <span class='ocrx_word' id='word_1_154' title='bbox 483 3287 604 3352; x_wconf 83' lang='lat' dir='ltr'>&#39;I&#39;hcma</span> <span class='ocrx_word' id='word_1_155' title='bbox 617 3287 801 3353; x_wconf 81' lang='lat' dir='ltr'>cancellario</span> <span class='ocrx_word' id='word_1_156' title='bbox 816 3287 900 3373; x_wconf 85' lang='lat' dir='ltr'>apud</span> <span class='ocrx_word' id='word_1_157' title='bbox 915 3287 1158 3355; x_wconf 84' lang='lat' dir='ltr'>Gloucestriam.</span> 
     </span>
    </p>
   </div>
   <div class='ocr_carea' id='block_1_7' title="bbox 319 3797 1066 3879">
    <p class='ocr_par' dir='ltr' id='par_1_7' title="bbox 319 3797 1066 3879">
     <span class='ocr_line' id='line_1_22' title="bbox 319 3797 1066 3879; baseline 0.005 -20"><span class='ocrx_word' id='word_1_158' title='bbox 319 3797 456 3879; x_wconf 70' lang='lat' dir='ltr'>[Morcus</span> <span class='ocrx_word' id='word_1_159' title='bbox 478 3819 518 3863; x_wconf 85' lang='lat' dir='ltr'>cr</span> <span class='ocrx_word' id='word_1_160' title='bbox 541 3799 763 3864; x_wconf 79' lang='lat' dir='ltr'>Gnoucnsrnn.</span> <span class='ocrx_word' id='word_1_161' title='bbox 811 3797 1066 3879; x_wconf 53' lang='grc' dir='ltr'>11544164]ς</span> 
     </span>
    </p>
   </div>
   <div class='ocr_carea' id='block_1_8' title="bbox 317 3945 1082 4014">
    <p class='ocr_par' dir='ltr' id='par_1_8' title="bbox 317 3945 1082 4014">
     <span class='ocr_line' id='line_1_23' title="bbox 317 3945 1082 4014; baseline -0.001 -17"><span class='ocrx_word' id='word_1_162' title='bbox 317 3948 383 4011; x_wconf 78' lang='lat' dir='ltr'>[The</span> <span class='ocrx_word' id='word_1_163' title='bbox 395 3950 480 4014; x_wconf 78' lang='lat' dir='ltr'>king&#39;s</span> <span class='ocrx_word' id='word_1_164' title='bbox 490 3951 551 3999; x_wconf 80' lang='lat' dir='ltr'>writ</span> <span class='ocrx_word' id='word_1_165' title='bbox 561 3951 711 4012; x_wconf 78' lang='lat' dir='ltr'>exempting</span> <span class='ocrx_word' id='word_1_166' title='bbox 721 3951 796 4000; x_wconf 80' lang='lat' dir='ltr'>lande</span> <span class='ocrx_word' id='word_1_167' title='bbox 808 3951 874 3999; x_wconf 79' lang='lat' dir='ltr'>from</span> <span class='ocrx_word' id='word_1_168' title='bbox 885 3950 984 3999; x_wconf 76' lang='lat' dir='ltr'>certain</span> <span class='ocrx_word' id='word_1_169' title='bbox 996 3945 1082 4010; x_wconf 71' lang='lat' dir='ltr'>dues]</span> 
     </span>
    </p>
   </div>
   <div class='ocr_carea' id='block_1_9' title="bbox 197 4067 1197 4159">
    <p class='ocr_par' dir='ltr' id='par_1_9' title="bbox 197 4067 1197 4159">
     <span class='ocr_line' id='line_1_24' title="bbox 197 4067 1197 4159; baseline -0.011 -20"><span class='ocrx_word' id='word_1_170' title='bbox 197 4075 379 4154; x_wconf 66' lang='lat' dir='ltr'>Hmucus</span> <span class='ocrx_word' id='word_1_171' title='bbox 406 4099 460 4139; x_wconf 87' lang='lat' dir='ltr'>rex</span> <span class='ocrx_word' id='word_1_172' title='bbox 486 4075 624 4159; x_wconf 85' lang='lat' dir='ltr'>Angliae,</span> <span class='ocrx_word' id='word_1_173' title='bbox 648 4082 681 4140; x_wconf 90' lang='lat' dir='ltr'>ct</span> <span class='ocrx_word' id='word_1_174' title='bbox 706 4075 771 4138; x_wconf 81' lang='lat' dir='ltr'>dux</span> <span class='ocrx_word' id='word_1_175' title='bbox 796 4073 1003 4139; x_wconf 82' lang='lat' dir='ltr'>Normanniae</span> <span class='ocrx_word' id='word_1_176' title='bbox 1033 4077 1064 4135; x_wconf 81' lang='lat' dir='ltr'>et</span> <span class='ocrx_word' id='word_1_177' title='bbox 1096 4067 1197 4151; x_wconf 89' lang='lat' dir='ltr'>Aqui·</span> 
     </span>
    </p>
   </div>
   <div class='ocr_carea' id='block_1_10' title="bbox 262 4252 1133 4405">
    <p class='ocr_par' dir='ltr' id='par_1_10' title="bbox 262 4252 1133 4405">
     <span class='ocr_line' id='line_1_25' title="bbox 262 4252 1133 4321; baseline -0.011 -11"><span class='ocrx_word' id='word_1_178' title='bbox 262 4267 270 4299; x_wconf 88' lang='lat'>¹</span> <span class='ocrx_word' id='word_1_179' title='bbox 287 4263 303 4309; x_wconf 84' lang='lat'>2</span> <span class='ocrx_word' id='word_1_180' title='bbox 315 4260 407 4311; x_wconf 77' lang='lat' dir='ltr'>chron.</span> <span class='ocrx_word' id='word_1_181' title='bbox 421 4261 491 4310; x_wconf 85' lang='lat' dir='ltr'>Mon.</span> <span class='ocrx_word' id='word_1_182' title='bbox 504 4260 593 4308; x_wconf 87' lang='lat' dir='ltr'>Glcuc.</span> <span class='ocrx_word' id='word_1_183' title='bbox 606 4260 653 4308; x_wconf 84' lang='lat'>1³³</span> <span class='ocrx_word' id='word_1_184' title='bbox 666 4256 738 4321; x_wconf 82' lang='lat' dir='ltr'>(Rcc.</span> <span class='ocrx_word' id='word_1_185' title='bbox 750 4256 841 4321; x_wconf 73' lang='lat' dir='ltr'>Gom).</span> <span class='ocrx_word' id='word_1_186' title='bbox 1064 4252 1075 4285; x_wconf 83' lang='lat'>²</span> <span class='ocrx_word' id='word_1_187' title='bbox 1094 4253 1133 4301; x_wconf 89' lang='lat' dir='ltr'>Ib.</span> 
     </span>
     <span class='ocr_line' id='line_1_26' title="bbox 1054 4362 1070 4405; baseline 0 0"><span class='ocrx_word' id='word_1_188' title='bbox 1054 4362 1070 4405; x_wconf 80' lang='lat' dir='ltr'>S</span> 
     </span>
    </p>
   </div>
   <div class='ocr_carea' id='block_1_11' title="bbox 0 0 1505 4972">
    <p class='ocr_par' dir='ltr' id='par_1_11' title="bbox 0 0 1505 4972">
     <span class='ocr_line' id='line_1_27' title="bbox 0 0 1505 4972; baseline 0 0"><span class='ocrx_word' id='word_1_189' title='bbox 0 0 1505 4972; x_wconf 95' lang='lat' dir='ltr'> </span> 
     </span>
    </p>
   </div>
  </div>
 </body>
</html>
