3000 4972
647 557 756 602 nunni
779 557 816 600 11.
1169 540 1232 602 219

228 708 318 792 aquis
332 713 365 773 et
385 707 537 793 piscariis,
551 708 586 772 in
601 708 662 773 viis
685 716 718 774 et
741 709 872 788 semitis,
889 715 921 774 et
942 708 977 773 in
997 707 1145 773 omnibus
1160 708 1230 774 aliis

227 820 303 883 loeis
317 825 350 883 et
365 819 435 883 aliis
446 820 538 884 rebus
553 819 592 883 ad
608 842 677 884 eam
692 821 935 905 pertinentibus,
948 826 980 885 et
995 842 1067 884 eum
1083 820 1229 884 omnibus

227 929 426 994 libertatibus
441 935 474 994 et
495 929 602 994 liberis
617 930 899 995 consuetudinibus
920 931 998 1011 suis,
1020 930 1103 995 sieut
1124 952 1230 995 eoram

228 1063 278 1103 me
303 1063 484 1104 conoessum
511 1040 573 1104 fuit
605 1047 639 1105 et
668 1042 959 1107 conventionatum.
1015 1041 1162 1107 'festibus
1188 1042 1228 1107 G.

227 1150 335 1228 eleeto,
351 1151 385 1214 id
409 1158 466 1231 est,
494 1152 741 1231 Northwieensi‚
764 1153 868 1216 Adam
895 1152 934 1218 de
962 1155 1078 1218 Sancto
1107 1154 1229 1238 Asaplr,

228 1261 392 1345 episeopiS,
406 1262 539 1326 Rioardo
555 1263 593 1327 de
610 1263 701 1342 Luci,
717 1263 878 1328 Willelmo
900 1264 964 1328 filio
985 1264 1071 1342 Ald,
1085 1264 1228 1350 dapiferi,

230 1372 367 1438 Radulfo
382 1373 447 1438 filio
464 1375 525 1452 st,
540 1373 721 1453 camerarii3
744 1375 830 1459 apud
844 1375 1054 1440 Wintnniam.

235 2123 363 2207 [Anam
380 2121 520 2185 Hirrum
536 2145 565 2185 a.
582 2121 613 2185 A
629 2141 766 2187 enarum
781 2122 919 2189 Prason.
950 2125 1229 2191 Eccnasmsrrcnn.

673 2235 798 2318 1175]ι

231 2392 345 2458 [Roeord
357 2394 386 2442 oi
392 2394 531 2457 judgment
542 2395 664 2443 obtained
674 2395 710 2457 by
722 2395 767 2442 the
779 2396 895 2457 plaintiff
902 2412 931 2445 as
943 2401 972 2445 to
990 2412 1006 2445 a
1023 2398 1122 2446 oertain
1134 2398 1230 2447 ebureh

295 2487 365 2534 upon
376 2488 410 2520 an
421 2473 573 2534 inquisition
585 2473 636 2520 and
647 2473 771 2533 chantem,
780 2474 806 2521 in
817 2490 834 2523 a
842 2475 1016 2537 chapterheld
1025 2475 1059 2538 by
1068 2477 1230 2526 oomnrission

295 2550 325 2597 os
333 2551 377 2597 the
388 2565 455 2612 pope
466 2551 553 2598 before
564 2551 657 2612 bishop
669 2551 753 2599 David
764 2552 793 2599 of
802 2551 851 2616 bb]

231 2675 353 2752 Drvn),
370 2673 432 2737 Dei
455 2673 559 2756 gratia
582 2674 783 2738 Menevensis
806 2675 978 2760 episeopus,
993 2676 1140 2739 omnibus
1162 2682 1230 2740 tam

230 2784 349 2848 elerieis
364 2807 458 2867 quam
474 2783 561 2847 laicis
583 2806 638 2868 per
652 2784 819 2869 dyoecesim
835 2808 925 2849 snam
940 2787 1131 2866 constitutis,
1148 2787 1230 2851 salu·

230 2901 295 2958 tem
322 2902 354 2959 et
377 2893 635 2959 benedictionem.
680 2894 815 2958 Causam
841 2896 1067 2959 venerabilium
1096 2898 1230 2961 fratrum

230 3012 410 3071 nostrorum
440 3005 564 3069 abbatis
587 3012 620 3070 et
646 3006 873 3069 monachorum
905 3006 1109 3070 Gloueestriae
1139 3030 1231 3092 super

230 3117 359 3182 ecelesia
375 3117 485 3181 Sancti
501 3117 641 3196 Paterni,
657 3139 752 3200 quam
775 3116 904 3200 quidam
919 3122 1059 3201 tempore
1075 3117 1231 3182 hostilita-

230 3230 273 3294 tis
297 3229 374 3313 ipsis
397 3228 606 3308 abstulerunt,
631 3235 663 3293 et
692 3228 862 3312 aliquantis
886 3229 1081 3313 temporibus
1110 3229 1231 3312 injuste

229 3341 432 3406 detinuerunt
447 3347 642 3424 occupatam,
657 3363 676 3403 a
698 3340 825 3403 domino
840 3346 873 3404 et·
895 3346 982 3424 patre
1000 3342 1132 3405 Summo
1148 3342 1229 3405 Pon-

229 3454 312 3518 titiee
328 3452 508 3516 Alexandro
530 3452 620 3515 nobis
643 3451 820 3536 delegatam
836 3452 1028 3536 suscepimus
1043 3473 1231 3535 eognoscen-

230 3564 301 3626 dam
304 3569 351 3642 ,et
361 3565 422 3626 fine
432 3563 547 3642 debito,
553 3563 760 3647 appellatione
766 3586 828 3627 non
840 3562 1230 3642 admissa,termirrandam.

230 3673 410 3756 Diligenter
432 3674 538 3758 itaque
560 3675 692 3738 veritate
714 3675 866 3758 inquisita
886 3679 920 3739 et
942 3673 1081 3758 cognita,
1104 3680 1170 3736 tam
1193 3695 1232 3737 ex

229 3784 397 3847 autenticis
412 3783 536 3867 seriptis
548 3807 654 3848 eorum
670 3785 762 3848 nobis
776 3808 831 3870 per
846 3786 958 3849 fratres
971 3807 1042 3848 suos
1053 3784 1073 3845 J
1075 3783 1231 3846 ohannem

228 3901 260 3958 et
275 3893 457 3977 Philippum
473 3895 675 3972 transmissis,
692 3918 786 3978 quam
809 3917 847 3958 ex
871 3895 1013 3958 unanimi
1028 3893 1232 3957 attestatione

229 4005 327 4067 totius
349 4003 480 4087 capituli
496 4005 606 4083 nostri,
622 4006 770 4088 quoniam
786 4005 893 4069 eadem
910 4003 1038 4068 ecelesia
1052 4003 1091 4065 ad
1107 4024 1230 4065 monas·

228 4115 343 4178 terium
358 4114 425 4197 jam
441 4113 597 4176 dictorum
614 4116 746 4189 fratrum
762 4115 884 4198 dejure
906 4114 1088 4197 pertineret,
1101 4111 1231 4176 eandem

445 4288 452 4319 ¹
470 4289 485 4334 2
498 4288 591 4336 Clrron.
600 4288 668 4335 Mon.
679 4288 767 4337 Glouc.
778 4287 810 4338 76
822 4288 893 4350 (lieo.
906 4286 997 4348 Gom).
