3000 4972
256 543 317 605 lla
503 559 634 605 rmorrn
659 558 1010 605 arcuo-ronunnmcn.

254 711 403 777 habitum
427 710 561 796 arripere
589 711 756 795 cupientis,
773 711 919 796 magistri
935 712 984 776 sui
998 711 1188 791 doctrinam,
1203 712 1258 797 qui

254 845 376 907 semper
390 822 545 887 mentitur
571 829 627 886 aut
642 821 922 908 decipit,'secutus,
938 823 1068 887 advenit
1093 823 1146 888 ille
1171 823 1257 888 Rod-

252 934 373 998 bertus.
419 934 484 999 Qui
499 932 641 998 dicturus
655 933 864 1012 mendacium,
880 956 899 998 a
915 935 1076 999 mendacio
1091 933 1257 1020 incipiens,

252 1045 298 1110 ait
323 1044 434 1110 nobis:
457 1050 478 1080 “
489 1044 587 1109 Hune
610 1044 792 1109 hominem:
821 1045 968 1109 Briestan
994 1045 1123 1125 scilicet,
1153 1047 1256 1112 furem

251 1181 326 1233 esse,
364 1157 528 1242 pecuniam
565 1156 650 1240 regis
685 1156 845 1241 propriam
874 1157 908 1220 in
936 1156 1101 1220 latrocinio
1130 1157 1256 1237 habere,

251 1269 360 1347 celare,
375 1274 408 1333 et
423 1274 460 1332 ut
474 1267 615 1332 criminis
630 1266 724 1349 hujus
737 1267 894 1352 judicium
918 1272 951 1331 et
975 1289 1101 1350 poenam
1122 1268 1254 1333 evadere

250 1379 364 1458 valeat,
379 1401 443 1442 non
467 1401 560 1442 causa
586 1378 719 1442 ulterius
744 1377 855 1441 salutis
879 1378 1104 1442 monachatum
1119 1401 1255 1461 quaerere

251 1489 365 1554 sciatis.
411 1491 486 1574 Ipse
509 1511 647 1573 namque
670 1489 854 1553 thesaurum
878 1487 1038 1552 occultum
1065 1488 1200 1567 invenit,
1215 1512 1255 1554 ex

250 1623 312 1685 quo
336 1600 449 1664 furtim
473 1598 597 1663 sublato
621 1598 788 1663 fenerator
812 1599 941 1662 effectus
963 1605 1021 1663 est.
1076 1601 1255 1664 Tantorum

249 1711 355 1796 itaque
371 1734 441 1776 reus
455 1710 623 1774 criminum
639 1709 796 1773 latrocinii
819 1709 965 1774 videlicet
991 1716 1024 1774 et
1047 1733 1160 1789 usurae,
1175 1734 1254 1794 pra·

249 1821 358 1886 sentia
382 1821 466 1905 regis
490 1820 542 1885 vel
565 1819 708 1903 judicum
724 1820 841 1884 metuit
854 1820 1008 1885 assistere.
1054 1822 1255 1907 Quapropter

249 1933 311 1998 huc
326 1932 365 1996 ad
380 1955 437 1996 vos
451 1953 490 1996 ex
505 1931 589 2016 regis
613 1929 746 2016 imperio
769 1931 896 2009 missua,
920 1931 1073 1996 interdico
1098 1954 1138 1997 ne
1161 1932 1252 1996 illum

166 2065 168 2069 ’
249 2043 282 2106 in
317 2047 423 2107 vestro
457 2041 590 2125 collegio
625 2040 766 2106 audeatis
800 2042 987 2125 suscipere.”
1031 2043 1101 2107 Nos
1134 2049 1251 2120 antem,

249 2152 356 2217 audita
382 2151 465 2237 regis
488 2150 675 2229 defensione,
701 2151 850 2217 timentes
875 2152 955 2217 iram
986 2153 1057 2237 ejus
1082 2154 1250 2233 incurrere,

248 2263 406 2329 noluimus
446 2264 530 2326 hunc
566 2262 727 2327 hominem
763 2263 858 2328 coetui
895 2270 1004 2329 nostro
1048 2264 1251 2349 conjungere.

249 2373 336 2440 Quid
369 2374 487 2458 plura?
528 2372 595 2438 Sub
628 2372 862 2458 fidejussoribus
897 2375 1022 2454 missus,
1052 2375 1180 2440 ducitur
1212 2374 1252 2439 ad

242 2485 410 2569 judicium.
455 2484 593 2549 Radulfo
619 2490 726 2548 autem
753 2485 851 2549 Basso
875 2484 1001 2549 sedente
1016 2507 1072 2570 pro
1087 2485 1251 2565 tribunali,

246 2595 446 2681 congregatis
462 2595 557 2659 etiam
572 2592 817 2679 provincialibus
841 2594 996 2659 universis
1019 2594 1103 2680 apud
1118 2594 1247 2660 Hnnte·

245 2708 373 2773 doniam
392 2706 442 2790 (ut
456 2729 524 2771 mos
540 2712 587 2769 est
605 2705 639 2769 in
655 2705 819 2789 Anglia¹),
834 2728 895 2790 ego
920 2706 987 2791 ipse
1004 2705 1159 2784 Herveus,
1175 2727 1248 2771 oum

244 2819 412 2884 abbatibus
435 2815 592 2882 Rainaldo
619 2816 826 2895 Ramesiensi,
842 2823 873 2880 et
899 2815 1058 2880 Rodberto
1081 2816 1245 2895 Tomensi,

244 2952 368 2995 necnon
383 2928 502 2993 clericis
516 2928 660 3012 pluribus
675 2934 707 2991 et
722 2927 883 2992 monachis
898 2926 1038 2992 interfui.
1077 2928 1121 2991 Et
1136 2949 1176 2991 ne
1192 2950 1247 2993 vos

244 3040 372 3126 longius
406 3039 597 3126 protraham,
621 3045 785 3103 accusatus
811 3037 864 3102 ille
889 3060 962 3102 eum
990 3060 1087 3102 uxore
1113 3060 1249 3122 praesen·

243 3156 352 3230 tatur3
375 3150 515 3214 erimena
528 3148 589 3213 sibi
603 3148 682 3212 falso
697 3148 845 3233 imposita
859 3154 1060 3212 renovantur.
1106 3147 1167 3213 Ille
1185 3170 1250 3213 non

244 3268 315 3327 acta
341 3261 489 3344 negabat,
513 3259 598 3345 quod
623 3282 686 3323 non
712 3259 828 3323 fecerat
853 3258 995 3324 confiteri
1014 3259 1176 3344 nequibat.
1221 3260 1249 3324 E

244 3371 427 3448 contrade
462 3369 624 3434 mendacio
659 3370 816 3453 arguitur,
848 3370 1028 3450 deridetur3
1071 3370 1249 3435 eratenim

244 3480 475 3566 aliquantulum
500 3481 713 3565 corpulentus,
729 3481 893 3545 mediocris
917 3502 1065 3564 persona,
1082 3487 1114 3545 et
1136 3481 1248 3545 hones·

244 3598 312 3657 tam
331 3592 379 3674 (ut
401 3591 448 3654 ita
469 3591 584 3674 dicam)
603 3590 739 3655 cheriem
759 3590 904 3657 habebat.
949 3591 1028 3656 Post
1044 3590 1161 3656 multas
1175 3613 1249 3655 vero

244 3704 350 3768 illatas
388 3701 448 3767 sibi
480 3701 548 3765 sine
574 3701 686 3766 merito
712 3701 929 3781 contumelias,
955 3703 1043 3767 velut
1069 3703 1248 3766 Susannam

243 3814 528 3902 praejndicarerunt
546 3813 661 3898 ipsum,
685 3836 758 3877 cum
784 3813 871 3877 omni
897 3815 1026 3879 omnino
1056 3813 1249 3898 possessione

243 3926 356 3991 ditioni
372 3925 456 4010 regis
471 3924 670 3989 tradendum.

278 4201 285 4231 ¹
303 4196 359 4247 'l'he
377 4196 473 4246 author
490 4195 521 4245 of
534 4195 587 4244 this
604 4194 694 4244 record
711 4209 765 4244 was
784 4195 881 4256 Wnrin,
898 4197 978 4245 abbot
997 4196 1027 4245 os
1042 4196 1079 4246 St.
1094 4195 1204 4245 llrroult
1221 4194 1249 4243 in

242 4274 400 4339 Normandy,
412 4274 478 4324 from
486 4273 571 4324 whom
583 4273 687 4323 Orderio
698 4277 790 4337 quotes
800 4275 830 4324 it.
