3000 4972
240 507 282 570 72
489 519 624 566 rrnorra
647 518 995 565 anone-nonnarrnrcr.

504 672 659 758 [Cnoson
682 691 721 736 cr
746 672 798 735 Sr.
825 669 981 759 Βιιιηιτ]1

240 797 308 864 [The
327 798 413 863 kingrs
433 797 493 846 vrit
513 796 642 858 directing
658 795 718 844 that
734 795 780 843 the
799 795 898 844 ohuroh
912 795 943 844 of
952 796 990 846 st.
1003 795 1086 845 Benet
1096 796 1129 846 be
1146 799 1195 858 put
1213 795 1241 843 in

430 875 509 925 seisin
520 875 552 924 os
558 875 658 923 certain
669 873 753 934 lando,
765 888 834 932 men,
846 874 897 922 and
909 873 1040 938 henim]

239 978 293 1041 W.
323 999 378 1041 rex
410 975 589 1060 Anglorum
622 975 667 1040 H.
691 974 801 1038 comiti
825 980 858 1039 et
882 975 1049 1042 Goscclinc
1074 976 1241 1060 praeposito

239 1088 384 1154 salutem.
428 1085 578 1170 Praecipio
601 1084 692 1150 vobis
715 1091 753 1148 ut
776 1086 922 1170 saysiatis
946 1086 1105 1152 abbatiam
1132 1085 1241 1151 Sancti

239 1198 404 1266 Benedicti
427 1204 459 1263 et
486 1197 692 1281 Ranulphum
718 1198 908 1261 monachum
935 1198 974 1263 dc
1003 1203 1131 1262 centum
1160 1197 1240 1261 acris

238 1316 330 1376 terre
355 1315 389 1375 ct
412 1332 466 1374 sex
490 1308 570 1373 acris
595 1308 689 1392 preti,
705 1313 737 1372 et
760 1308 799 1373 de
823 1308 909 1373 IIII.
934 1309 1128 1389 hominibus,
1143 1314 1176 1374 ct
1202 1309 1240 1375 dc

239 1420 377 1504 triginta
411 1420 490 1485 acris
520 1419 554 1482 in
582 1418 685 1502 burgo
714 1424 748 1483 et
776 1419 815 1484 de
843 1418 947 1484 tribus
976 1420 1128 1484 bordariis
1158 1420 1240 1484 sicut

237 1530 368 1596 ecclesia
392 1530 504 1596 Sancti
528 1529 694 1594 Benedicti
718 1528 791 1593 inde
817 1536 884 1595 crat
908 1530 1026 1616 saysita
1048 1553 1084 1596 eo
1111 1531 1161 1596 die
1176 1554 1239 1617 quo

237 1647 329 1727 pater
344 1665 433 1707 meus
448 1641 511 1706 fuit
527 1641 617 1705 vivus
633 1645 666 1705 et
681 1645 835 1707 mortuus.
881 1643 927 1706 Et
950 1642 1057 1707 sciatis
1080 1643 1163 1727 quod
1178 1643 1240 1707 ista

238 1759 323 1819 terra
345 1752 521 1817 inbreviate
545 1751 607 1815 fuit
633 1751 667 1814 in
692 1751 771 1816 meis
794 1752 942 1817 brevibus
957 1753 996 1817 ad
1011 1776 1090 1837 opus
1104 1753 1239 1819 ccclesiae

239 1864 349 1929 Sancti
367 1862 531 1928 Benedicti
555 1861 609 1947 qui
634 1867 711 1926 sunt
736 1862 770 1926 in
793 1863 942 1928 thesauro
959 1887 1029 1929 mec
1044 1864 1239 1948 Wyntonioe.

236 1975 283 2039 Et
305 1974 365 2038 hoc
389 1978 550 2037 testantur
573 1972 681 2037 breves
707 1973 770 2037 mei
795 1972 833 2038 de
860 1974 895 2038 C.
912 1975 992 2038 acris
1015 1982 1104 2039 terrae
1127 1982 1160 2039 et
1174 1975 1237 2042 VI.

237 2083 319 2150 acris
343 2084 428 2168 prati
451 2089 485 2146 et
510 2089 645 2168 quatuor
669 2083 850 2149 hominibus
875 2085 908 2148 in
923 2086 1117 2170 Wynterton
1132 2091 1165 2150 et
1179 2086 1236 2150 tri·

237 2196 330 2280 ginta
346 2195 425 2258 acris
443 2194 475 2257 in
492 2195 577 2259 Burc
591 2201 625 2258 et
639 2194 708 2258 III.
724 2195 887 2263 bordariis.
924 2196 1070 2261 Testibus
1095 2197 1237 2282 episcopo

236 2305 444 2371 Dunelmensi
459 2311 493 2370 et
508 2306 561 2369 W.
577 2304 771 2371 cancellario.

520 2567 620 2651 [Casa
642 2586 682 2631 or
704 2567 802 2631 Frrrr
826 2566 955 2652 Man.]²

234 2689 323 2757 [moy
333 2704 401 2750 rnen,
413 2689 522 2739 aecuscd
533 2689 563 2738 of
576 2690 668 2752 taking
679 2694 751 2753 stage
762 2690 789 2739 in
801 2691 847 2740 the
858 2692 945 2755 king's
956 2693 1038 2743 forest
1048 2694 1161 2745 without
1176 2711 1235 2759 por.

346 2767 462 2826 mission,
474 2781 555 2829 purge
566 2767 725 2816 themselves
736 2767 772 2831 by
783 2767 829 2816 the
840 2770 928 2818 ordeal
939 2770 969 2818 of
983 2770 1030 2819 hot
1041 2771 1120 2836 iren]

236 2871 495 2952 Qumquaenrra
510 2869 633 2934 circiter
647 2869 708 2934 viri
723 2870 838 2955 quibus
859 2871 961 2935 adhuc
979 2871 1042 2936 illis
1063 2874 1182 2953 dicbus,
1197 2897 1236 2939 ex

233 2983 366 3066 antiqua
376 2980 556 3065 Anglcrum
570 2981 779 3065 ingenuitate,
790 2981 973 3046 divitiarum
985 2984 1127 3067 quiedam
1139 2987 1234 3051 vesti·

233 3094 290 3176 gia
303 3092 438 3156 arridere
454 3091 652 3169 videbantur,
667 3093 753 3176 capti
776 3099 863 3172 sunt,
882 3099 915 3157 et
934 3093 1129 3175 calumniati,
1152 3099 1235 3181 quod

234 3225 341 3268 cervos
350 3201 434 3286 regis
443 3199 815 3285 ceperintmactavcrint,
820 3203 1090 3271 manducaverint.
1102 3208 1236 3292 Negent

234 3312 296 3391 illi;
318 3310 402 3376 unde
417 3312 528 3375 statim
543 3311 752 3396 adjudicium
767 3313 861 3398 rapti,
875 3315 1068 3399 judicantur,
1082 3317 1234 3403 injectam

233 3421 435 3501 calumniam,
454 3421 597 3486 examine
616 3423 713 3506 igniti
732 3423 816 3503 ferri,
831 3447 851 3488 a
870 3447 902 3489 se
922 3427 1100 3510 propulsare
1115 3430 1234 3496 debere.

234 3536 365 3599 Statuto
379 3532 486 3616 itaque
501 3532 562 3613 dic,
576 3533 696 3617 praefixi
713 3556 812 3618 poenae
833 3534 946 3620 judicii
966 3537 1086 3622 pariter
1110 3540 1235 3606 subacti

233 3650 310 3710 sunt
323 3649 443 3709 remote
456 3642 575 3728 pictate
589 3649 622 3709 ct
636 3643 857 3710 misericordie.
880 3647 960 3712 Erat
973 3671 1060 3732 crgo,
1075 3650 1233 3717 miseriam

231 3754 347 3836 videre,
358 3777 467 3819 verum
479 3754 677 3839 omnipotens
686 3756 774 3820 Deus
788 3757 839 3820 cui
850 3757 1093 3825 miscricordiam
1103 3769 1137 3827 ct
1146 3763 1233 3847 judi-

231 3869 317 3932 cium
332 3865 419 3930 canit
429 3864 601 3929 Davidicus
611 3864 764 3947 psalmus,
775 3867 955 3932 innocentia
968 3892 1086 3951 corum,
1101 3875 1234 3939 servatis

230 3977 472 4044 misericorditer
496 3976 536 4040 ab
566 3976 728 4041 exustione
757 3978 904 4043 manibus
933 3982 1086 4064 omnium,
1112 3987 1234 4051 cunctis

230 4088 382 4167 ostendit,
392 4093 425 4153 et
439 4086 563 4151 malitia
576 4087 741 4155 hominum
756 4111 809 4154 eos
823 4089 920 4176 impie
934 4092 1092 4160 destrucre
1104 4097 1232 4181 cupien-

229 4203 311 4267 tium
326 4222 422 4285 quam
437 4198 560 4284 injusta
573 4199 681 4278 tuerit,
694 4200 782 4285 justo
796 4201 916 4285 judicio
931 4202 1111 4271 declaravit.

262 4332 272 4366 ¹
289 4334 489 4396 sussurim,
499 4335 533 4386 86
545 4333 597 4401 (od.
610 4333 697 4401 1846).
894 4339 905 4371 ¹
922 4338 993 4389 Hist.
1005 4340 1146 4404 Noveram,
1157 4345 1199 4394 48.
