3000 4972
658 610 767 654 nuunr
790 610 826 653 11.
947 635 950 641 -
1186 593 1247 655 259

249 756 362 822 dilecto
379 765 412 822 ct
426 758 511 823 fideli
526 781 583 823 suo
600 759 745 825 Galfrido
763 761 801 824 do
817 762 924 826 Mores
941 761 1108 827 senescallo
1124 760 1250 826 honoris

249 868 614 944 Gloucestriae,salutem.
661 869 854 933 Mandamus
863 869 962 947 vobiS,
979 869 1060 952 quod
1069 893 1124 954 per
1135 870 1249 934 liberos

247 985 280 1042 ct
296 978 411 1061 legales
434 979 578 1043 homines
593 978 631 1042 (19
654 980 770 1044 foresta
792 989 899 1044 nostra
920 981 959 1045 de
982 982 1059 1044 Cors
1079 981 1250 1064 diligenter

246 1089 414 1171 inquiratis
439 1095 547 1152 utrum
575 1089 671 1153 abbas
703 1090 906 1155 Gloucestriae
939 1096 1056 1155 sectam
1086 1091 1250 1156 consucvit

247 1198 347 1264 facere
370 1199 409 1262 ad
435 1200 554 1262 curiam
578 1205 720 1262 nostram
746 1198 784 1262 de
809 1199 1050 1283 Wodeleycstile
1080 1224 1136 1283 pro
1162 1208 1249 1265 tene·

246 1316 353 1372 mento
368 1332 424 1372 suo
436 1309 473 1372 de
489 1309 687 1392 Mayesmore
709 1315 849 1392 tempore
869 1309 958 1373 bonae
980 1309 1138 1374 memoria
1156 1311 1193 1374 R.
1210 1311 1249 1373 (19

248 1419 339 1482 Clare
354 1417 510 1502 quondam
526 1419 625 1502 patris
641 1419 750 1497 nostri,
767 1425 799 1482 et
814 1425 921 1482 utrum
932 1442 1023 1483 canas
1037 1420 1114 1483 dicti
1126 1420 1249 1483 abbatis

245 1536 278 1591 ct
314 1529 479 1592 hominum
515 1551 641 1593 suorum
680 1529 718 1592 de
751 1529 959 1612 Maycsmorc,
996 1530 1182 1613 Hardepire,
1215 1537 1248 1594 et

247 1639 381 1717 Ledeue,
402 1639 544 1704 solebant
570 1639 756 1722 expeditori,
778 1646 811 1702 ot
836 1639 863 1702 si
888 1639 991 1703 dictus
1016 1639 1111 1702 abbas
1137 1662 1245 1723 capere

246 1749 362 1831 poterit
387 1748 581 1832 temporibus
610 1748 771 1812 retroactis
801 1747 885 1832 quod
915 1749 1057 1813 voluerat
1086 1749 1125 1812 dc
1155 1750 1247 1814 bosco

245 1860 400 1923 dictorum
426 1860 634 1923 maneriorum
659 1882 786 1922 suorum
812 1860 928 1942 absque
957 1860 1029 1924 visu
1056 1859 1247 1925 ballivorum

245 1978 441 2048 nostrorum3
473 1969 602 2053 etquid
632 1968 705 2033 indo
735 1969 917 2034 inveneritis
944 1970 1033 2034 nobis
1058 1970 1116 2034 sub
1143 1970 1248 2053 sigillo

248 2090 350 2146 vestro
376 2089 409 2145 ct
433 2081 547 2164 sigillis
573 2102 680 2145 eorum
694 2101 749 2164 per
769 2103 847 2163 quos
869 2081 953 2144 facta
973 2081 1068 2144 fucrit
1083 2080 1247 2163 inquisitio

244 2200 387 2257 constare
403 2191 535 2257 faciatis.

289 2304 454 2388 [Returm]
471 2303 641 2387 Inquisitio
654 2303 737 2367 facta
749 2303 781 2365 in
793 2301 884 2386 plena
894 2302 982 2367 curia
992 2303 1030 2368 (19
1043 2304 1130 2383 Cors,
1143 2326 1247 2368 coram

246 2414 389 2478 Galfrido
412 2414 450 2478 de
473 2414 580 2478 Mores
602 2412 780 2490 senescallo,
796 2412 847 2476 die
870 2413 992 2477 sabbati
1014 2414 1156 2496 proxima
1173 2419 1247 2478 anto

244 2525 385 2588 clausum
411 2524 549 2602 Pascha,
579 2546 663 2586 anno
693 2523 953 2606 quinquagesimo
984 2522 1118 2588 secundo
1150 2523 1248 2608 [regis

246 2634 377 2698 chrici
400 2634 483 2716 III.]
515 2632 553 2696 de
577 2639 661 2696 secta
688 2631 813 2695 abbatis
837 2631 1051 2710 Gloucestriae‚
1076 2640 1109 2696 et
1129 2632 1168 2696 (19
1191 2654 1247 2696 ex·

243 2742 436 2827 peditationc
465 2763 579 2804 canum
609 2763 736 2804 suorum
762 2746 795 2804 ct
824 2742 1004 2804 tenentium
1030 2763 1167 2818 suorum,
1191 2763 1248 2825 per

244 2857 475 2916 sacramentum
508 2849 638 2914 Henrici
669 2829 707 2913 de
745 2850 833 2927 Cors,
865 2850 997 2913 Walteri
1028 2851 1066 2914 de
1096 2851 1246 2930 Matisco,

245 2962 376 3026 Roberti
407 2959 573 3044 Roscelyn‚
599 2959 726 3023 Ricardi
755 2959 878 3043 Thoky,
908 2966 941 3024 et
970 2967 1162 3039 caeterorum,
1192 2960 1247 3045 qui

243 3072 355 3136 dicunt
378 3094 434 3155 per
459 3076 688 3134 sacramentum
712 3092 805 3132 suum
828 3070 910 3153 quod
929 3070 1025 3134 abbas
1044 3071 1246 3136 Gloucestriae

244 3203 407 3266 nunquam
429 3179 594 3245 consucvit
615 3180 714 3243 facere
737 3185 855 3243 sectam
878 3181 917 3242 ad
940 3180 1058 3244 curiam
1074 3181 1113 3246 de
1131 3182 1246 3246 Wode·

244 3291 383 3378 leyestile
398 3313 453 3375 pro
469 3295 649 3354 tenemento
665 3311 720 3353 suo
737 3288 776 3352 de
791 3288 990 3372 Mayesmore
1002 3295 1143 3374 tempore
1154 3291 1244 3356 bonas

243 3402 401 3466 memoriae
428 3401 468 3464 R.
495 3398 533 3462 (19
564 3398 655 3461 Clare
685 3398 783 3481 patris
807 3397 941 3463 Gilberti
972 3399 1011 3465 de
1041 3400 1133 3465 Clare
1161 3424 1246 3466 nunc

243 3513 378 3590 comitis,
393 3533 450 3576 neo
465 3531 556 3574 canes
571 3508 647 3572 dicti
663 3507 797 3583 abbatia,
813 3530 869 3572 nec
884 3506 1050 3572 hominum
1065 3533 1193 3575 suorum
1206 3512 1245 3577 de

244 3625 454 3705 Mayesmore,
484 3618 522 3682 de
553 3617 738 3701 Hardepire,
768 3618 806 3682 de
842 3618 976 3698 Ledeue,
1006 3642 1069 3683 non
1100 3620 1243 3686 solebant

243 3731 419 3816 expeditori
428 3728 622 3813 temporibus
637 3727 808 3792 retroactis.
853 3729 898 3791 Et
910 3728 1013 3793 dictus
1029 3730 1124 3794 abbas
1137 3753 1245 3815 capere

243 3841 349 3928 potuit
374 3839 565 3923 temporibus
594 3838 756 3902 retroactis
786 3838 870 3922 quod
903 3840 1045 3903 voluerat
1073 3840 1112 3904 (19
1144 3839 1244 3905 boscis

220 3955 399 4018 uictorum
423 3949 631 4013 maneriorum
657 3970 784 4012 suorum
809 3948 926 4032 absque
955 3948 1026 4012 visu
1056 3949 1243 4015 ballivorum

245 4061 364 4129 domini
380 4057 512 4125 comitis.
