3000 4972
253 515 315 578 102
509 533 642 577 euacua
665 532 1014 578 suono-uonnnnmcs.

252 685 337 770 regis
352 684 435 749 villae
449 683 618 768 adjacenti,
635 691 757 749 reatum
772 684 811 749 de
826 685 884 749 hao
901 685 1062 769 injustitia
1077 685 1213 750 eeclesiae
1224 693 1257 750 et

252 795 360 859 abbati
382 794 613 879 perjudicium
636 796 778 880 ejusdem
800 796 956 861 hundredi
978 796 1161 881 hujusmodi
1184 819 1254 882 per-

251 904 389 970 solutum
405 906 476 970 fuit.

494 1447 621 1531 [Assos
645 1446 800 1511 anrrms
823 1470 849 1511 a.
875 1446 1034 1530 Gnuun.]¹

250 1583 288 1650 [A
299 1585 398 1636 similar
416 1599 476 1634 ease
494 1587 522 1632 to
541 1585 599 1632 that
611 1584 691 1632 above
710 1583 837 1644 reported,
849 1583 914 1631 with
928 1583 1067 1646 judgment
1078 1583 1106 1631 in
1117 1581 1211 1630 favour
1225 1581 1256 1630 of

394 1662 440 1710 tho
452 1661 568 1724 plaintiff
574 1662 610 1725 by
621 1661 665 1709 the
673 1661 807 1724 justiciam
817 1660 848 1710 οἰ
860 1661 905 1709 the
916 1659 1054 1724 hundred]

248 1791 339 1854 Eunu
359 1811 394 1854 eo
416 1796 556 1874 tempore
580 1789 825 1852 molendinarius
847 1788 1030 1868 molendini,
1045 1788 1130 1872 quod
1152 1787 1249 1850 situm

247 1907 296 1966 est
307 1923 399 1984 super
409 1900 526 1964 flumen
537 1900 692 1978 Tamisiae,
702 1900 741 1963 ad
756 1900 940 1964 orientalem
956 1907 1078 1984 partem
1093 1899 1249 1983 praedictae

247 2011 330 2077 villae
353 2010 448 2093 regis,
474 2012 602 2074 nomine
627 2011 751 2089 Gamel,
774 2012 829 2095 qui
854 2011 950 2090 horis,
974 2034 1013 2075 ex
1039 2011 1138 2075 altera
1160 2019 1249 2094 parte

247 2121 397 2194 fluminis,
413 2122 451 2186 de
466 2129 550 2186 terra
561 2121 644 2186 villae
667 2122 821 2186 Culeham
843 2121 1028 2206 pertinenti,
1043 2121 1152 2204 glebas
1166 2121 1248 2185 olam

246 2232 396 2299 effodiens
410 2254 466 2316 pro
477 2231 641 2296 reficiendo
654 2232 844 2311 molendino,
854 2233 1027 2310 nocturnis,
1038 2232 1129 2315 eujus
1140 2253 1248 2295 auram

246 2342 391 2421 habebat,
406 2349 570 2426 exportare
585 2342 713 2406 solebat.
736 2343 862 2406 Etcum
877 2342 985 2407 dehac
1000 2365 1057 2406 sua
1072 2340 1249 2406 temeritate

246 2455 280 2518 in
294 2451 456 2516 hundredo
471 2452 538 2536 ipso
561 2451 779 2535 interpellatus
795 2475 910 2537 negare
925 2452 1128 2537 nequivisset,
1143 2457 1176 2516 et
1191 2475 1247 2536 pro

246 2567 304 2630 hoo
332 2564 402 2648 jure
432 2563 513 2647 legis
542 2563 690 2627 subactus
719 2569 810 2642 esset,
839 2564 1043 2628 decreverunt
1079 2562 1247 2646 justiciarii

245 2673 400 2740 hundredi
415 2673 525 2738 debere
540 2696 612 2737 eum
624 2673 731 2738 abbati
746 2680 779 2738 et
792 2673 926 2739 ecelesiae
941 2673 1191 2738 emendationem
1201 2674 1243 2739 V.

245 2808 463 2852 mancusorum
480 2785 677 2849 denariorum
693 2786 859 2850 exsolvere.
907 2785 999 2850 Quod
1015 2791 1047 2849 et
1062 2785 1147 2849 feeit.

305 3363 492 3446 [Carmana
513 3380 552 3424 or
575 3363 752 3427 Amusuou
774 3387 801 3428 v.
827 3364 964 3428 Mnsraa
985 3385 1026 3429 or
1049 3385 1071 3428 n
1095 3366 1186 3428 Sura.

624 3472 878 3556 1110-1111.]π

246 3635 402 3700 [Judgment
424 3631 547 3682 obtained
571 3633 607 3695 by
630 3632 675 3682 tho
695 3633 812 3694 plaintiff
844 3635 871 3682 in
894 3636 985 3685 favour
1004 3636 1034 3686 of
1052 3640 1167 3686 eustoms
1186 3650 1245 3684 oon·

311 3714 419 3774 osrning
436 3710 542 3769 vessels,
554 3725 588 3758 on
607 3711 682 3760 write
699 3710 816 3760 directed
834 3717 863 3762 to
883 3715 927 3763 tbo
943 3714 1029 3777 king’s
1044 3713 1177 3778 justiciam
1193 3713 1245 3761 and

308 3788 409 3838 sheriffs
426 3787 455 3836 of
469 3787 607 3836 Berkshire
626 3788 678 3837 and
695 3788 799 3849 Oxsord,
818 3790 863 3838 the
880 3791 941 3839 trial
959 3791 1052 3853 taking
1070 3791 1143 3852 plaoe
1160 3790 1188 3838 in
1200 3791 1246 3838 the

306 3868 386 3916 honae
395 3866 425 3915 os
431 3880 448 3914 a
458 3863 560 3929 priest]

244 3998 460 4060 Consuaruuo
475 3991 571 4076 hujus
587 3992 722 4056 eeclesia
738 3997 819 4057 esta
841 4000 980 4079 tempore
996 3994 1105 4058 domni
1122 3993 1245 4059 Ordrioi

242 4105 374 4184 abbatis,
389 4110 426 4168 ut
440 4103 478 4168 de
499 4125 684 4187 unaquaque
707 4104 781 4167 navi
797 4104 993 4170 Oxeneforde
1008 4104 1160 4182 civitatis,
1177 4126 1244 4187 qua

306 4293 314 4326 ¹
332 4295 347 4341 2
361 4292 430 4340 nist.
443 4292 512 4340 Mon.
525 4289 636 4354 Abingd.
650 4289 699 4339 118
710 4290 782 4351 (Rea.
795 4290 886 4354 Com).
1041 4290 1051 4322 ²
1069 4289 1108 4339 Ib.
1122 4290 1178 4340 119.
