<?xml version="1.0" encoding="UTF-8"?>
<!DOCTYPE html PUBLIC "-//W3C//DTD XHTML 1.0 Transitional//EN"
    "http://www.w3.org/TR/xhtml1/DTD/xhtml1-transitional.dtd">
<html xmlns="http://www.w3.org/1999/xhtml" xml:lang="en" lang="en">
 <head>
  <title>
</title>
<meta http-equiv="Content-Type" content="text/html;charset=utf-8" />
  <meta name='ocr-system' content='tesseract 3.04.00' />
  <meta name='ocr-capabilities' content='ocr_page ocr_carea ocr_par ocr_line ocrx_word'/>
</head>
<body>
  <div class='ocr_page' id='page_1' title='image "./placitaanglonor00bigegoog_0120.png"; bbox 0 0 3000 4972; ppageno 0'>
   <div class='ocr_carea' id='block_1_1' title="bbox 651 585 839 629">
    <p class='ocr_par' dir='ltr' id='par_1_1' title="bbox 651 585 839 629">
     <span class='ocr_line' id='line_1_1' title="bbox 651 585 839 629; baseline 0 -3"><span class='ocrx_word' id='word_1_1' title='bbox 651 585 793 629; x_wconf 70' lang='lat' dir='ltr'>teimau</span> <span class='ocrx_word' id='word_1_2' title='bbox 816 585 839 627; x_wconf 88' lang='lat'>1.</span> 
     </span>
    </p>
   </div>
   <div class='ocr_carea' id='block_1_2' title="bbox 378 824 1109 913">
    <p class='ocr_par' dir='ltr' id='par_1_2' title="bbox 378 824 1109 913">
     <span class='ocr_line' id='line_1_2' title="bbox 378 824 1109 913; baseline -0.01 -20"><span class='ocrx_word' id='word_1_3' title='bbox 378 829 526 913; x_wconf 82' lang='lat' dir='ltr'>[Roarur</span> <span class='ocrx_word' id='word_1_4' title='bbox 549 827 668 891; x_wconf 77' lang='lat' dir='ltr'>Msuur</span> <span class='ocrx_word' id='word_1_5' title='bbox 682 848 710 890; x_wconf 81' lang='grc' dir='ltr'>υ.</span> <span class='ocrx_word' id='word_1_6' title='bbox 726 828 886 890; x_wconf 77' lang='lat' dir='ltr'>Wrsursrr</span> <span class='ocrx_word' id='word_1_7' title='bbox 910 845 952 888; x_wconf 80' lang='lat' dir='ltr'>nu</span> <span class='ocrx_word' id='word_1_8' title='bbox 978 824 1109 907; x_wconf 63' lang='lat' dir='ltr'>Pauca]</span> 
     </span>
    </p>
   </div>
   <div class='ocr_carea' id='block_1_3' title="bbox 242 1010 1246 1324">
    <p class='ocr_par' dir='ltr' id='par_1_3' title="bbox 242 1010 1246 1324">
     <span class='ocr_line' id='line_1_3' title="bbox 287 1010 1246 1095; baseline -0.008 -14"><span class='ocrx_word' id='word_1_9' title='bbox 287 1018 350 1081; x_wconf 84' lang='lat' dir='ltr'>Sex</span> <span class='ocrx_word' id='word_1_10' title='bbox 364 1021 527 1080; x_wconf 79' lang='lat' dir='ltr'>carucatas</span> <span class='ocrx_word' id='word_1_11' title='bbox 542 1020 625 1078; x_wconf 86' lang='lat' dir='ltr'>terre</span> <span class='ocrx_word' id='word_1_12' title='bbox 642 1012 752 1076; x_wconf 91' lang='lat' dir='ltr'>Ulchil</span> <span class='ocrx_word' id='word_1_13' title='bbox 775 1011 809 1074; x_wconf 90' lang='lat' dir='ltr'>in</span> <span class='ocrx_word' id='word_1_14' title='bbox 828 1010 1033 1088; x_wconf 82' lang='lat' dir='ltr'>Aluuintcnc,</span> <span class='ocrx_word' id='word_1_15' title='bbox 1049 1032 1127 1095; x_wconf 90' lang='lat' dir='ltr'>quas</span> <span class='ocrx_word' id='word_1_16' title='bbox 1150 1010 1246 1073; x_wconf 85' lang='lat' dir='ltr'>habet</span> 
     </span>
     <span class='ocr_line' id='line_1_4' title="bbox 243 1120 1245 1206; baseline -0.005 -16"><span class='ocrx_word' id='word_1_17' title='bbox 243 1127 425 1192; x_wconf 87' lang='lat' dir='ltr'>Willelmus</span> <span class='ocrx_word' id='word_1_18' title='bbox 440 1127 478 1190; x_wconf 87' lang='lat' dir='ltr'>dc</span> <span class='ocrx_word' id='word_1_19' title='bbox 493 1124 596 1201; x_wconf 85' lang='lat' dir='ltr'>Persi,</span> <span class='ocrx_word' id='word_1_20' title='bbox 617 1129 779 1189; x_wconf 76' lang='lat' dir='ltr'><strong>testantur</strong></span> <span class='ocrx_word' id='word_1_21' title='bbox 803 1123 842 1186; x_wconf 87' lang='lat' dir='ltr'>ad</span> <span class='ocrx_word' id='word_1_22' title='bbox 869 1145 947 1206; x_wconf 92' lang='lat' dir='ltr'>opus</span> <span class='ocrx_word' id='word_1_23' title='bbox 973 1120 1105 1185; x_wconf 85' lang='lat' dir='ltr'>Rcberti</span> <span class='ocrx_word' id='word_1_24' title='bbox 1133 1121 1245 1199; x_wconf 84' lang='lat' dir='ltr'>Malet,</span> 
     </span>
     <span class='ocr_line' id='line_1_5' title="bbox 242 1234 1064 1324; baseline -0.004 -22"><span class='ocrx_word' id='word_1_25' title='bbox 242 1238 316 1324; x_wconf 91' lang='lat' dir='ltr'>quia</span> <span class='ocrx_word' id='word_1_26' title='bbox 330 1244 420 1323; x_wconf 82' lang='lat' dir='ltr'>pater</span> <span class='ocrx_word' id='word_1_27' title='bbox 435 1260 511 1301; x_wconf 89' lang='lat' dir='ltr'>suus</span> <span class='ocrx_word' id='word_1_28' title='bbox 527 1235 653 1315; x_wconf 89' lang='lat' dir='ltr'>habuit,</span> <span class='ocrx_word' id='word_1_29' title='bbox 670 1234 752 1299; x_wconf 91' lang='lat' dir='ltr'>sicut</span> <span class='ocrx_word' id='word_1_30' title='bbox 767 1234 940 1319; x_wconf 83' lang='lat' dir='ltr'>superiores</span> <span class='ocrx_word' id='word_1_31' title='bbox 954 1239 1064 1299; x_wconf 82' lang='lat' dir='ltr'>terras.</span> 
     </span>
    </p>
   </div>
   <div class='ocr_carea' id='block_1_4' title="bbox 476 1755 1014 1846">
    <p class='ocr_par' dir='ltr' id='par_1_4' title="bbox 476 1755 1014 1846">
     <span class='ocr_line' id='line_1_6' title="bbox 476 1755 1014 1846; baseline 0.015 -28"><span class='ocrx_word' id='word_1_32' title='bbox 476 1755 602 1839; x_wconf 77' lang='lat' dir='ltr'>[Larus</span> <span class='ocrx_word' id='word_1_33' title='bbox 624 1777 663 1821; x_wconf 80' lang='lat' dir='ltr'>os</span> <span class='ocrx_word' id='word_1_34' title='bbox 686 1759 845 1824; x_wconf 78' lang='lat' dir='ltr'>Wruulsrr</span> <span class='ocrx_word' id='word_1_35' title='bbox 868 1760 1014 1846; x_wconf 72' lang='lat' dir='ltr'>Marsa]</span> 
     </span>
    </p>
   </div>
   <div class='ocr_carea' id='block_1_5' title="bbox 242 1941 1245 2453">
    <p class='ocr_par' dir='ltr' id='par_1_5' title="bbox 242 1941 1245 2453">
     <span class='ocr_line' id='line_1_7' title="bbox 286 1941 1244 2031; baseline 0.006 -24"><span class='ocrx_word' id='word_1_36' title='bbox 286 1944 415 2007; x_wconf 81' lang='lat' dir='ltr'>Terram</span> <span class='ocrx_word' id='word_1_37' title='bbox 430 1941 517 2006; x_wconf 92' lang='lat' dir='ltr'>IIII.</span> <span class='ocrx_word' id='word_1_38' title='bbox 534 1948 693 2007; x_wconf 71' lang='lat' dir='ltr'>carucatas</span> <span class='ocrx_word' id='word_1_39' title='bbox 706 1943 739 2007; x_wconf 93' lang='lat' dir='ltr'>in</span> <span class='ocrx_word' id='word_1_40' title='bbox 756 1945 883 2010; x_wconf 80' lang='lat' dir='ltr'>Coldrid</span> <span class='ocrx_word' id='word_1_41' title='bbox 899 1970 994 2031; x_wconf 86' lang='lat' dir='ltr'>quarn</span> <span class='ocrx_word' id='word_1_42' title='bbox 1017 1953 1106 2012; x_wconf 84' lang='lat' dir='ltr'>tenet</span> <span class='ocrx_word' id='word_1_43' title='bbox 1121 1949 1244 2014; x_wconf 90' lang='lat' dir='ltr'>Willcl-</span> 
     </span>
     <span class='ocr_line' id='line_1_8' title="bbox 242 2054 1245 2138; baseline 0.006 -19"><span class='ocrx_word' id='word_1_44' title='bbox 242 2078 314 2119; x_wconf 87' lang='lat' dir='ltr'>mus</span> <span class='ocrx_word' id='word_1_45' title='bbox 329 2055 367 2118; x_wconf 88' lang='lat' dir='ltr'>dc</span> <span class='ocrx_word' id='word_1_46' title='bbox 383 2054 472 2118; x_wconf 80' lang='lat' dir='ltr'>Persi</span> <span class='ocrx_word' id='word_1_47' title='bbox 487 2054 525 2117; x_wconf 88' lang='lat' dir='ltr'>de</span> <span class='ocrx_word' id='word_1_48' title='bbox 540 2077 602 2138; x_wconf 87' lang='lat' dir='ltr'>qua</span> <span class='ocrx_word' id='word_1_49' title='bbox 616 2056 754 2137; x_wconf 82' lang='lat' dir='ltr'>pertinet</span> <span class='ocrx_word' id='word_1_50' title='bbox 769 2080 840 2120; x_wconf 89' lang='lat' dir='ltr'>soca</span> <span class='ocrx_word' id='word_1_51' title='bbox 860 2058 894 2120; x_wconf 90' lang='lat' dir='ltr'>in</span> <span class='ocrx_word' id='word_1_52' title='bbox 917 2058 1069 2137; x_wconf 87' lang='lat' dir='ltr'>Cliftune‚</span> <span class='ocrx_word' id='word_1_53' title='bbox 1084 2067 1245 2124; x_wconf 84' lang='lat' dir='ltr'>testantur</span> 
     </span>
     <span class='ocr_line' id='line_1_9' title="bbox 244 2166 1245 2252; baseline 0.006 -23"><span class='ocrx_word' id='word_1_54' title='bbox 244 2167 299 2252; x_wconf 94' lang='lat' dir='ltr'>qui</span> <span class='ocrx_word' id='word_1_55' title='bbox 309 2167 496 2250; x_wconf 83' lang='lat' dir='ltr'>juraverunt</span> <span class='ocrx_word' id='word_1_56' title='bbox 511 2188 573 2229; x_wconf 85' lang='lat' dir='ltr'>neu</span> <span class='ocrx_word' id='word_1_57' title='bbox 590 2166 692 2229; x_wconf 88' lang='lat' dir='ltr'>solum</span> <span class='ocrx_word' id='word_1_58' title='bbox 708 2166 777 2231; x_wconf 88' lang='lat' dir='ltr'>illas</span> <span class='ocrx_word' id='word_1_59' title='bbox 793 2168 879 2232; x_wconf 87' lang='lat'>1111.</span> <span class='ocrx_word' id='word_1_60' title='bbox 897 2178 1067 2247; x_wconf 63' lang='lat' dir='ltr'>carucatas</span> <span class='ocrx_word' id='word_1_61' title='bbox 1083 2170 1245 2235; x_wconf 86' lang='lat' dir='ltr'>sedetiam</span> 
     </span>
     <span class='ocr_line' id='line_1_10' title="bbox 243 2276 1244 2346; baseline 0.005 -5"><span class='ocrx_word' id='word_1_62' title='bbox 243 2285 345 2341; x_wconf 87' lang='lat' dir='ltr'>totam</span> <span class='ocrx_word' id='word_1_63' title='bbox 361 2276 469 2340; x_wconf 85' lang='lat' dir='ltr'>villam</span> <span class='ocrx_word' id='word_1_64' title='bbox 485 2276 612 2340; x_wconf 87' lang='lat' dir='ltr'>Coldrid</span> <span class='ocrx_word' id='word_1_65' title='bbox 626 2277 822 2341; x_wconf 85' lang='lat' dir='ltr'>Willelmum</span> <span class='ocrx_word' id='word_1_66' title='bbox 839 2279 941 2343; x_wconf 84' lang='lat' dir='ltr'>Malet</span> <span class='ocrx_word' id='word_1_67' title='bbox 956 2279 990 2343; x_wconf 90' lang='lat' dir='ltr'>in</span> <span class='ocrx_word' id='word_1_68' title='bbox 1002 2280 1141 2346; x_wconf 89' lang='lat' dir='ltr'>dominio</span> <span class='ocrx_word' id='word_1_69' title='bbox 1153 2288 1244 2346; x_wconf 88' lang='lat' dir='ltr'>tenu-</span> 
     </span>
     <span class='ocr_line' id='line_1_11' title="bbox 243 2386 727 2453; baseline 0.004 -2"><span class='ocrx_word' id='word_1_70' title='bbox 243 2388 302 2453; x_wconf 87' lang='lat' dir='ltr'>isse</span> <span class='ocrx_word' id='word_1_71' title='bbox 317 2394 350 2453; x_wconf 88' lang='lat' dir='ltr'>et</span> <span class='ocrx_word' id='word_1_72' title='bbox 365 2388 403 2452; x_wconf 90' lang='lat' dir='ltr'>dc</span> <span class='ocrx_word' id='word_1_73' title='bbox 417 2409 453 2452; x_wconf 89' lang='lat' dir='ltr'>ea</span> <span class='ocrx_word' id='word_1_74' title='bbox 467 2386 611 2451; x_wconf 83' lang='lat' dir='ltr'>saisitum</span> <span class='ocrx_word' id='word_1_75' title='bbox 622 2387 727 2453; x_wconf 85' lang='lat' dir='ltr'>fuisse.</span> 
     </span>
    </p>
   </div>
   <div class='ocr_carea' id='block_1_6' title="bbox 396 2912 1092 2998">
    <p class='ocr_par' dir='ltr' id='par_1_6' title="bbox 396 2912 1092 2998">
     <span class='ocr_line' id='line_1_12' title="bbox 396 2912 1092 2998; baseline 0 -21"><span class='ocrx_word' id='word_1_76' title='bbox 396 2913 566 2998; x_wconf 80' lang='lat' dir='ltr'>[chssun</span> <span class='ocrx_word' id='word_1_77' title='bbox 580 2931 623 2976; x_wconf 83' lang='lat' dir='ltr'>nu</span> <span class='ocrx_word' id='word_1_78' title='bbox 640 2913 814 2976; x_wconf 74' lang='lat' dir='ltr'>Suansvaa</span> <span class='ocrx_word' id='word_1_79' title='bbox 833 2933 861 2976; x_wconf 84' lang='lat' dir='ltr'>v.</span> <span class='ocrx_word' id='word_1_80' title='bbox 878 2912 950 2976; x_wconf 80' lang='lat' dir='ltr'>&#39;Pus</span> <span class='ocrx_word' id='word_1_81' title='bbox 974 2912 1092 2996; x_wconf 73' lang='lat' dir='ltr'>Rura]</span> 
     </span>
    </p>
   </div>
   <div class='ocr_carea' id='block_1_7' title="bbox 246 3097 1248 3384">
    <p class='ocr_par' dir='ltr' id='par_1_7' title="bbox 246 3097 1248 3384">
     <span class='ocr_line' id='line_1_13' title="bbox 289 3097 1248 3183; baseline 0.001 -20"><span class='ocrx_word' id='word_1_82' title='bbox 289 3100 332 3163; x_wconf 93' lang='lat' dir='ltr'>In</span> <span class='ocrx_word' id='word_1_83' title='bbox 363 3099 522 3183; x_wconf 85' lang='lat' dir='ltr'>Logctcrp</span> <span class='ocrx_word' id='word_1_84' title='bbox 552 3098 670 3162; x_wconf 85' lang='lat' dir='ltr'>elamat</span> <span class='ocrx_word' id='word_1_85' title='bbox 696 3097 849 3161; x_wconf 86' lang='lat' dir='ltr'>Ricardus</span> <span class='ocrx_word' id='word_1_86' title='bbox 878 3097 917 3161; x_wconf 91' lang='lat' dir='ltr'>de</span> <span class='ocrx_word' id='word_1_87' title='bbox 948 3097 1102 3162; x_wconf 87' lang='lat' dir='ltr'>Surdeual</span> <span class='ocrx_word' id='word_1_88' title='bbox 1131 3105 1248 3164; x_wconf 87' lang='lat' dir='ltr'>terram</span> 
     </span>
     <span class='ocr_line' id='line_1_14' title="bbox 246 3208 1248 3294; baseline 0 -19"><span class='ocrx_word' id='word_1_89' title='bbox 246 3211 391 3275; x_wconf 89' lang='lat' dir='ltr'>Norman</span> <span class='ocrx_word' id='word_1_90' title='bbox 413 3215 446 3274; x_wconf 84' lang='lat' dir='ltr'>et</span> <span class='ocrx_word' id='word_1_91' title='bbox 468 3211 551 3288; x_wconf 85' lang='lat' dir='ltr'>Asae,</span> <span class='ocrx_word' id='word_1_92' title='bbox 568 3209 621 3274; x_wconf 87' lang='lat' dir='ltr'>ssd</span> <span class='ocrx_word' id='word_1_93' title='bbox 645 3208 756 3273; x_wconf 89' lang='lat' dir='ltr'>dicunt</span> <span class='ocrx_word' id='word_1_94' title='bbox 782 3208 837 3292; x_wconf 88' lang='lat' dir='ltr'>qui</span> <span class='ocrx_word' id='word_1_95' title='bbox 857 3208 1045 3291; x_wconf 86' lang='lat' dir='ltr'>juraverunt</span> <span class='ocrx_word' id='word_1_96' title='bbox 1071 3209 1155 3294; x_wconf 84' lang='lat' dir='ltr'>regis</span> <span class='ocrx_word' id='word_1_97' title='bbox 1183 3234 1248 3275; x_wconf 87' lang='lat' dir='ltr'>esse</span> 
     </span>
     <span class='ocr_line' id='line_1_15' title="bbox 246 3320 367 3384; baseline 0.017 -2"><span class='ocrx_word' id='word_1_98' title='bbox 246 3320 367 3384; x_wconf 86' lang='lat' dir='ltr'>debere.</span> 
     </span>
    </p>
   </div>
   <div class='ocr_carea' id='block_1_8' title="bbox 564 3855 938 3942">
    <p class='ocr_par' dir='ltr' id='par_1_8' title="bbox 564 3855 938 3942">
     <span class='ocr_line' id='line_1_16' title="bbox 564 3855 938 3942; baseline -0.003 -22"><span class='ocrx_word' id='word_1_99' title='bbox 564 3856 649 3942; x_wconf 78' lang='lat' dir='ltr'>[Tus</span> <span class='ocrx_word' id='word_1_100' title='bbox 673 3855 766 3919; x_wconf 78' lang='lat' dir='ltr'>Kma</span> <span class='ocrx_word' id='word_1_101' title='bbox 787 3876 814 3920; x_wconf 82' lang='lat' dir='ltr'>c.</span> <span class='ocrx_word' id='word_1_102' title='bbox 840 3855 938 3938; x_wconf 75' lang='lat' dir='ltr'>Onu]</span> 
     </span>
    </p>
   </div>
   <div class='ocr_carea' id='block_1_9' title="bbox 247 4038 1250 4235">
    <p class='ocr_par' dir='ltr' id='par_1_9' title="bbox 247 4038 1250 4235">
     <span class='ocr_line' id='line_1_17' title="bbox 292 4038 1250 4127; baseline -0.005 -20"><span class='ocrx_word' id='word_1_103' title='bbox 292 4045 334 4108; x_wconf 87' lang='lat' dir='ltr'>In</span> <span class='ocrx_word' id='word_1_104' title='bbox 350 4042 560 4127; x_wconf 84' lang='lat' dir='ltr'>Scarpinbsrg</span> <span class='ocrx_word' id='word_1_105' title='bbox 574 4048 608 4107; x_wconf 84' lang='lat' dir='ltr'>et</span> <span class='ocrx_word' id='word_1_106' title='bbox 631 4040 830 4124; x_wconf 84' lang='lat' dir='ltr'>Scardiztcrp</span> <span class='ocrx_word' id='word_1_107' title='bbox 852 4039 950 4104; x_wconf 86' lang='lat' dir='ltr'>habet</span> <span class='ocrx_word' id='word_1_108' title='bbox 976 4040 1045 4105; x_wconf 90' lang='lat' dir='ltr'>Odo</span> <span class='ocrx_word' id='word_1_109' title='bbox 1068 4038 1250 4104; x_wconf 85' lang='lat' dir='ltr'>balistarius</span> 
     </span>
     <span class='ocr_line' id='line_1_18' title="bbox 247 4149 1250 4235; baseline -0.007 -14"><span class='ocrx_word' id='word_1_110' title='bbox 247 4162 364 4222; x_wconf 81' lang='lat' dir='ltr'>terram</span> <span class='ocrx_word' id='word_1_111' title='bbox 375 4153 455 4218; x_wconf 91' lang='lat' dir='ltr'>Orm</span> <span class='ocrx_word' id='word_1_112' title='bbox 470 4159 504 4217; x_wconf 87' lang='lat' dir='ltr'>et</span> <span class='ocrx_word' id='word_1_113' title='bbox 520 4152 643 4230; x_wconf 91' lang='lat' dir='ltr'>Bunde,</span> <span class='ocrx_word' id='word_1_114' title='bbox 659 4153 711 4216; x_wconf 90' lang='lat' dir='ltr'>sed</span> <span class='ocrx_word' id='word_1_115' title='bbox 727 4152 840 4216; x_wconf 89' lang='lat' dir='ltr'>horum</span> <span class='ocrx_word' id='word_1_116' title='bbox 849 4150 902 4235; x_wconf 90' lang='lat' dir='ltr'>qui</span> <span class='ocrx_word' id='word_1_117' title='bbox 911 4150 1099 4233; x_wconf 84' lang='lat' dir='ltr'>juraverunt</span> <span class='ocrx_word' id='word_1_118' title='bbox 1107 4149 1250 4215; x_wconf 88' lang='lat' dir='ltr'>testimo·</span> 
     </span>
    </p>
   </div>
   <div class='ocr_carea' id='block_1_10' title="bbox 249 4263 776 4431">
    <p class='ocr_par' dir='ltr' id='par_1_10' title="bbox 249 4263 776 4431">
     <span class='ocr_line' id='line_1_19' title="bbox 249 4263 648 4349; baseline 0 -20"><span class='ocrx_word' id='word_1_119' title='bbox 249 4267 337 4330; x_wconf 92' lang='lat' dir='ltr'>nium</span> <span class='ocrx_word' id='word_1_120' title='bbox 355 4265 440 4349; x_wconf 85' lang='lat' dir='ltr'>regis</span> <span class='ocrx_word' id='word_1_121' title='bbox 454 4263 548 4329; x_wconf 86' lang='lat' dir='ltr'>debet</span> <span class='ocrx_word' id='word_1_122' title='bbox 569 4284 648 4329; x_wconf 84' lang='lat' dir='ltr'>esse.</span> 
     </span>
     <span class='ocr_line' id='line_1_20' title="bbox 713 4372 776 4431; baseline 0 0"><span class='ocrx_word' id='word_1_123' title='bbox 713 4388 733 4431; x_wconf 82' lang='lat' dir='ltr'>rr</span> <span class='ocrx_word' id='word_1_124' title='bbox 757 4372 776 4431; x_wconf 80' lang='lat'>2</span> 
     </span>
    </p>
   </div>
   <div class='ocr_carea' id='block_1_11' title="bbox 0 0 1512 4972">
    <p class='ocr_par' dir='ltr' id='par_1_11' title="bbox 0 0 1512 4972">
     <span class='ocr_line' id='line_1_21' title="bbox 0 0 1512 4972; baseline 0 0"><span class='ocrx_word' id='word_1_125' title='bbox 0 0 1512 4972; x_wconf 95' lang='lat' dir='ltr'> </span> 
     </span>
    </p>
   </div>
  </div>
 </body>
</html>
