3000 4972
658 554 828 601 arearum.
1181 541 1245 603 315

244 705 364 776 episeopo
376 705 527 761 Pictavensi
539 706 585 777 qui
598 706 703 773 aderat;
716 708 892 779 interrogavit
904 726 947 763 eos
960 709 1024 779 quid
1037 728 1115 780 super
1126 710 1248 782 hujusce·

246 793 316 846 modi
339 812 366 847 re
386 797 456 848 esset
478 794 627 863 agendum
646 795 749 865 etquid
762 795 859 850 faceret
871 795 903 850 de
915 795 1048 866 proditore
1061 815 1117 862 sua,
1130 799 1250 869 quicum

246 888 315 934 esset
328 880 420 934 secreti
434 880 475 933 sui
488 880 615 943 conscius,
629 887 732 951 patrem
744 901 822 936 suum
835 882 864 936 in
877 882 966 953 ipsum
978 901 1142 940 commovere
1154 885 1247 942 voluit

245 966 319 1020 Tunc
339 967 445 1036 quidam
464 965 570 1020 illorum
587 967 745 1037 judicabant
763 968 838 1022 illum
859 987 932 1022 reum
945 988 1001 1023 esse
1013 970 1123 1035 mortis;
1143 971 1251 1042 quidam

244 1053 355 1123 dignum
375 1053 508 1123 suspendi,
528 1054 635 1124 quidam
657 1054 749 1109 vivum
771 1055 904 1110 excoriari.
941 1056 992 1110 Sed
1016 1057 1160 1127 episeopus,
1173 1059 1251 1130 cujus

245 1158 297 1193 non
322 1145 379 1194 erat
398 1140 500 1211 judicio
525 1141 664 1211 sanguinis
688 1141 824 1205 interesse,
843 1161 904 1197 eum
923 1141 1034 1198 liberare
1052 1144 1170 1198 tentavit
1186 1144 1251 1215 quia

244 1227 369 1280 diaeonus
381 1232 445 1291 erat,
458 1246 576 1281 assereus
594 1228 718 1282 clericum
737 1229 764 1282 in
784 1229 865 1282 sacris
884 1228 1020 1284 ordinibus
1038 1231 1215 1285 constitutum
1233 1250 1251 1287 a

242 1315 308 1368 laico
326 1333 378 1368 uon
396 1334 472 1385 posse
486 1314 609 1385 judicari.
647 1314 721 1369 Tune
735 1315 845 1384 juvenis
863 1334 909 1370 rex
927 1315 1029 1381 videns,
1048 1317 1117 1387 quod
1143 1322 1251 1388 propter

243 1400 391 1472 episcopum
405 1402 450 1472 qui
463 1402 587 1456 clericum
599 1401 675 1455 illum
688 1402 869 1466 tutabatur,in
882 1421 912 1457 eo
925 1403 1008 1457 animi
1022 1404 1063 1457 sui
1076 1409 1165 1459 motus
1177 1405 1248 1459 sicut

242 1487 328 1541 voluit
352 1488 485 1542 vindicare
509 1508 562 1542 uon
586 1488 796 1559 permittebatur,
828 1489 958 1560 cogitavit
982 1489 1079 1561 quibus
1109 1491 1250 1545 tormentis

243 1594 304 1629 eum
324 1575 425 1630 afficere
443 1576 548 1646 potuit;
568 1576 606 1630 ita
626 1580 715 1630 tamen
734 1575 804 1646 quod
825 1594 878 1630 nou
892 1576 1091 1640 interficeretur,
1104 1576 1150 1632 sed
1162 1577 1249 1632 obser·

243 1667 359 1726 veretur,
372 1663 453 1718 donec
475 1664 523 1718 hoe
543 1663 699 1718 nunciatum
719 1668 789 1718 essct
809 1664 865 1736 regi
888 1664 959 1735 patri
980 1683 1036 1718 suo.
1074 1665 1170 1735 Itaque
1188 1669 1250 1736 pest

242 1749 352 1819 longum
366 1749 502 1804 silentium
514 1749 547 1804 ad
561 1768 729 1814 sereremus,
742 1750 781 1804 ait
793 1751 924 1805 ministris
943 1751 1007 1815 suis,
1020 1758 1036 1780 ‘⁴
1045 1751 1158 1806 Educite
1175 1771 1246 1818 eum,

245 1841 273 1890 et
297 1836 386 1906 ligatis
407 1836 531 1890 manibus
553 1855 569 1890 a
593 1840 676 1907 tergo,
695 1837 797 1891 nudum
815 1855 862 1907 per
880 1837 980 1908 plateas
998 1842 1025 1892 et
1043 1838 1114 1892 visos
1132 1839 1249 1893 civitatis

245 1922 357 1994 flagellis
376 1922 475 1985 cedite,
497 1923 648 1986 clamantes,
668 1928 700 1977 ut
725 1922 842 1977 universi
867 1922 961 1987 sciant,
982 1923 1070 1994 ipsum
1088 1924 1249 1995 proditorem

245 2029 334 2064 meum
356 2029 419 2064 esse.
456 2010 493 2064 Et
514 2011 640 2064 ducentes
659 2029 721 2064 eum
740 2011 768 2063 in
788 2009 992 2073 Narmanuiam,
1010 2010 1169 2066 incarcerate
1188 2030 1248 2066 eum

245 2099 314 2168 apud
327 2099 548 2169 Argentomium3
567 2105 595 2153 et
607 2117 654 2169 per
665 2117 848 2169 quamcunque
861 2098 997 2153 civitatem
1009 2098 1122 2169 ingressi
1136 2098 1248 2164 fueritis,

244 2205 304 2239 eum
318 2186 420 2240 nudum
437 2186 526 2241 ducite
546 2186 710 2255 flagellantes
730 2205 777 2256 per
800 2186 870 2240 vicos
890 2192 917 2242 et
938 2186 1066 2257 plateas.'’
1103 2187 1160 2258 Ipsi
1180 2207 1249 2253 vero,

245 2272 313 2326 sicut
330 2272 367 2326 eis
385 2278 545 2343 praeceptum
559 2273 652 2336 suerat,
667 2273 793 2335 feceruut,
806 2277 833 2327 et
844 2272 1009 2343 flagellatum
1021 2273 1251 2329 incarceraverunt

245 2378 304 2413 eum
329 2359 400 2429 apud
423 2360 638 2431 Argentomium.
675 2359 795 2430 Cumque
820 2359 847 2415 id
871 2360 978 2414 domino
1003 2360 1061 2431 regi
1091 2361 1249 2415 nunciatum

244 2451 319 2508 esset,
332 2446 442 2516 indigne
455 2445 564 2509 ferebat,
577 2452 603 2500 et
617 2447 727 2500 mittens
739 2450 852 2516 quatuor
864 2447 963 2501 milites
976 2447 1008 2500 de
1026 2447 1130 2502 familia
1149 2466 1197 2502 sua
1215 2447 1249 2503 ud

244 2551 333 2602 regem
354 2533 437 2585 tilium
460 2551 548 2594 suum,
568 2532 705 2586 mandavit
718 2533 751 2595 ei,
764 2536 795 2586 ut
807 2533 864 2587 siue
876 2552 950 2587 mora
962 2534 1072 2588 clericus
1084 2534 1129 2589 ille
1141 2533 1175 2588 ad
1187 2552 1248 2588 eum

244 2619 402 2671 mitteretur.
440 2617 534 2671 Paruit
558 2635 621 2687 ergo
646 2618 702 2687 ipse
728 2618 860 2671 mandatis
885 2620 969 2688 patris
994 2619 1044 2682 sui,
1069 2619 1115 2673 sed
1139 2620 1249 2674 moleste

244 2703 352 2767 serebat,
377 2704 448 2774 quod
472 2702 580 2757 clericus
605 2704 649 2758 ille
673 2704 751 2758 vivus
775 2703 906 2758 recederet
929 2705 962 2758 ab
987 2723 1025 2759 eo.
1063 2706 1115 2773 Qui
1140 2725 1200 2761 curn
1220 2706 1248 2760 iu

244 2791 358 2844 vinculis
383 2789 416 2843 ad
440 2789 577 2843 dominum
603 2808 692 2860 regem
717 2792 744 2844 in
770 2791 896 2859 Angliam
914 2791 1061 2853 duceretur,
1082 2792 1169 2847 noluit
1186 2812 1247 2848 eum

245 2879 365 2931 vinctum
386 2877 506 2947 recipere,
527 2877 589 2947 quia
608 2878 725 2931 solutum
748 2895 807 2930 eum
821 2877 968 2931 tradiderat
980 2879 1037 2948 regi
1051 2879 1105 2932 filio
1117 2898 1182 2944 suo;
1203 2879 1249 2933 sed

245 2965 376 3036 praecepit,
400 2968 431 3017 ut
455 2964 483 3017 in
510 2964 622 3017 vinculis
647 2965 824 3018 custodiretur
847 2962 929 3018 donee
949 2964 1053 3020 locutus
1073 2966 1167 3021 fuisset
1187 2985 1247 3021 cum

244 3052 353 3107 concilio
373 3070 428 3115 sua,
441 3051 505 3122 quid
526 3052 557 3105 de
570 3071 600 3105 eo
612 3056 742 3122 ageretur.
780 3051 816 3105 Et
829 3070 889 3105 erun
903 3052 1103 3107 custodiendum
1116 3071 1248 3108 commen·

245 3139 319 3194 davit
331 3138 420 3192 abluti
434 3138 465 3192 de
479 3138 552 3192 Hida
565 3139 708 3193 ll⁷iutanee

278 3228 334 3281 The
345 3231 413 3280 term
426 3231 441 3254 “
451 3225 685 3279 moechandum-'¹
698 3230 771 3279 must
783 3230 831 3279 not
843 3226 874 3280 be
887 3226 967 3280 taken
981 3245 1010 3280 as
1023 3228 1178 3298 suggestive
1190 3227 1248 3283 ota

244 3318 317 3369 court
331 3313 360 3368 of
377 3313 506 3384 chancery
519 3317 547 3366 at
560 3313 614 3366 this
627 3313 699 3366 time.
738 3312 765 3366 It
778 3313 801 3365 is
813 3311 878 3366 used
890 3312 917 3364 in
931 3333 947 3366 a
960 3313 1047 3367 literal
1060 3333 1144 3378 sense,
1157 3313 1187 3368 of
1198 3333 1249 3369 one

243 3402 334 3472 ucting
347 3402 373 3454 iu
387 3401 433 3455 the
446 3400 518 3471 pluce
531 3400 562 3453 os
570 3400 616 3454 the
635 3399 709 3454 chief
726 3403 866 3470 secretary,
881 3399 926 3454 the
946 3400 1102 3456 chancellor.
1139 3402 1172 3455 Iu
1192 3401 1248 3456 this

242 3508 324 3553 sense,
337 3489 360 3543 it
373 3507 425 3540 ivus
438 3487 533 3540 atthis
546 3486 610 3541 time
624 3485 650 3538 in
663 3504 782 3540 common
797 3505 851 3550 use,
864 3490 893 3539 et
906 3487 972 3542 least
984 3506 1019 3541 en
1032 3488 1078 3542 the
1090 3487 1245 3543 Continent.

243 3578 290 3630 See
303 3578 318 3629 1
333 3574 465 3646 liegarde
479 3574 635 3638 Hovenden,
649 3593 692 3644 pp.
705 3576 767 3637 416,
780 3574 833 3627 438
848 3574 957 3643 (Bohn).

719 3814 760 3876 H.

511 3949 631 4003 lVlllTS
652 3948 756 4003 Frrorl
776 3947 979 4002 GLANVILL.

244 4089 338 4127 BRBVE
355 4087 392 4125 DE
408 4086 638 4124 sturwn'rrroue
658 4085 803 4123 riemanr
818 4084 946 4121 PROPTER
961 4083 1065 4121 DEBITA
1079 4083 1245 4122 REDDENDA.

280 4176 335 4228 Rex
349 4172 496 4227 vicecomiti
509 4171 630 4225 sulutem.
669 4170 776 4239 Preeipc·
790 4170 824 4223 N.
838 4169 908 4239 quod
923 4169 996 4238 juste
1009 4174 1037 4223 et
1048 4169 1105 4224 siue
1117 4169 1245 4226 dilatione

242 4263 335 4317 reddat
350 4261 382 4314 [i.
395 4264 500 4314 centum
515 4276 625 4319 marcus,
638 4274 703 4327 quas
722 4256 746 4310 ei
759 4255 844 4318 debet,
858 4259 889 4308 ut
901 4255 974 4319 dicit,
988 4260 1014 4309 et
1031 4255 1101 4310 unde
1118 4255 1247 4326 queritur,
