3000 4972
286 499 349 563 184
531 519 663 565 anaema
687 518 1034 564 auom-uoauaunrcr.

283 674 316 733 et
345 669 435 735 vobis
462 669 701 735 denunciaverit
730 670 863 736 firmiter
895 695 951 756 per
979 679 1098 737 vestras
1128 671 1285 755 dyoeceses

283 779 440 845 observari
450 780 638 866 precipiatis
649 804 809 866 quousque
820 781 991 866 resipiscat,
1003 789 1036 847 et
1046 782 1151 846 ablata
1160 780 1285 866 integre

283 889 328 955 eis
344 891 503 956 restituat.

286 1026 399 1090 [Reoord
415 1027 445 1076 os
454 1026 594 1090 judgment
609 1028 713 1090 against
724 1028 806 1090 Picot,
818 1043 835 1077 a
846 1029 925 1088 olerk,
937 1028 1060 1078 inducted
1074 1029 1131 1078 into
1145 1029 1183 1078 St.
1196 1027 1284 1077 Gund-

349 1106 392 1195 ley
403 1107 559 1249 apparqntly
569 1106 606 1170 by
616 1107 671 1156 earl
680 1107 809 1167 William3
828 1109 888 1157 trial
900 1107 991 1157 before
1002 1124 1018 1157 a
1029 1108 1113 1172 synod
1129 1123 1164 1156 on
1178 1107 1241 1156 cath
1257 1105 1287 1154 of

347 1188 490 1233 witneseea

327 1297 508 1364 Venerabili
523 1299 650 1364 domino
665 1299 748 1384 patri
763 1322 818 1364 suo
841 1301 1000 1366 carissimo
1016 1300 1204 1379 Theobaldo,
1223 1298 1283 1362 Dei

284 1412 390 1496 gratia
405 1410 626 1476 cantuariensi
643 1411 886 1497 archiepiscopo,
903 1412 1084 1497 Anglorum
1099 1411 1231 1497 primati
1250 1418 1284 1475 et

284 1521 473 1607 Apostolieae
490 1521 579 1587 Sedis
588 1522 704 1606 legato,
720 1522 903 1601 Nioholaus,
920 1522 1135 1588 Landavensis
1151 1521 1284 1586 ecclesiae

284 1633 429 1698 minister
443 1633 721 1712 humilis,salutcm
737 1639 770 1698 et
780 1633 927 1698 devotam
943 1633 1164 1698 obedientiam.
1196 1633 1283 1697 Celo-

284 1744 375 1809 brata
400 1745 518 1828 synodo
542 1744 625 1828 apud
651 1745 791 1829 Kayrdif
808 1746 903 1830 juxta
930 1747 1112 1810 mandatum
1132 1752 1284 1823 vestrum,

284 1855 402 1920 delecte
425 1861 524 1939 pater,
540 1878 608 1937 quae
625 1877 680 1939 per
701 1856 848 1920 abbatem
872 1856 1074 1921 Glaucestriae
1093 1857 1210 1920 ibidem
1232 1879 1283 1920 ac·

284 1967 434 2050 cepimus,
456 1964 628 2049 diligenter
650 1966 874 2049 inquisivimus
902 1968 1070 2031 veritatem
1093 1990 1193 2031 oausae
1215 1990 1284 2051 quae

284 2075 367 2140 inter
392 2076 495 2160 ipsum
520 2075 667 2140 abbatem
694 2082 726 2140 et
750 2076 894 2142 Picctum
923 2077 1070 2141 clericum
1101 2078 1284 2162 agitabatur

284 2209 377 2270 super
392 2184 518 2250 ecclesia
535 2186 643 2249 Sancti
659 2186 796 2251 Gundlei
807 2186 846 2250 de
856 2187 949 2251 Novo
960 2188 1089 2271 Burg03
1112 2194 1145 2252 et
1155 2187 1283 2252 tandem

283 2297 402 2382 judicio
418 2296 531 2381 synodi
555 2297 697 2361 mandati
721 2298 818 2362 vestri
843 2299 977 2362 formam
1002 2304 1126 2377 secutae‚
1149 2299 1284 2384 acceptis

284 2409 371 2495 prius
385 2408 602 2493 legitimorum
614 2407 746 2473 testium
764 2409 955 2494 juramentis
977 2415 1044 2473 tam
1068 2433 1160 2494 super
1175 2432 1284 2475 mona·

283 2521 380 2586 chatu
404 2519 507 2585 Picoti
529 2542 624 2604 quam
647 2542 742 2603 super
762 2519 955 2603 possessione
977 2520 1110 2599 abbatis,
1134 2521 1283 2585 Glouces·

284 2640 421 2697 trensem
456 2630 617 2696 ecclesiam
648 2630 682 2694 in
721 2629 948 2713 possessionem
985 2631 1121 2714 praefata
1151 2630 1284 2695 ecclesiae

285 2744 395 2809 Sancti
411 2742 551 2808 Gundlei
565 2765 628 2827 qua
639 2742 743 2805 fuerat
758 2741 874 2825 absque
889 2740 996 2804 ordine
1007 2739 1173 2824 judiciario
1187 2739 1284 2804 desti·

283 2859 366 2934 tuta,
382 2852 574 2919 reduximus.
619 2851 663 2915 Et
680 2850 829 2935 quoniam
853 2850 984 2914 eandem
998 2851 1159 2914 ecelesiam
1174 2850 1213 2913 ad
1231 2851 1285 2934 jus

286 2964 536 3029 Gloucestrensis
545 2961 943 3048 ecclesiaepertineretotius
951 2961 1064 3046 synodi
1073 2961 1284 3026 recordatione

284 3075 500 3160 cognovimus,
523 3073 766 3159 supplicandum
790 3072 942 3137 duximus
962 3070 1151 3156 paternitati
1172 3076 1284 3137 vestrae

284 3192 331 3263 ut,
358 3184 543 3248 confirmato
567 3184 650 3268 quod
681 3207 700 3248 a
725 3183 817 3247 nobis
842 3188 950 3248 actum
978 3188 1037 3262 est,
1060 3183 1107 3247 ita
1130 3184 1284 3268 praedicta

284 3293 418 3359 ecolesiae
444 3293 576 3358 foveatis
602 3293 773 3377 justitiam,
797 3316 836 3358 ne
859 3294 961 3359 denuo
983 3295 1065 3378 quod
1088 3295 1208 3379 injuste
1228 3296 1284 3360 diu

283 3424 375 3487 passa
389 3409 437 3467 est
453 3402 682 3467 detrimentum
697 3404 848 3469 incurrat.
893 3405 1047 3484 Valeatis,
1063 3410 1135 3470 etc.¹

285 3547 452 3613 [Tbeobnld'e
463 3550 524 3598 writ
535 3549 563 3598 of
579 3551 759 3599 confirmation
770 3551 800 3599 of
813 3552 858 3600 the
871 3552 1017 3615 judgment,
1029 3554 1094 3602 with
1110 3554 1238 3604 direction
1255 3560 1284 3605 to

332 3631 424 3681 induet
435 3632 480 3680 the
490 3633 569 3681 abbot
581 3632 610 3680 cf
619 3632 773 3682 Glouoeeter
784 3633 840 3681 into
852 3634 897 3682 the
908 3635 1006 3683 ohurch
1016 3635 1044 3683 ot
1056 3635 1094 3684 St.
1107 3636 1250 3701 Gundley.]

186 3824 191 3834 ¹
326 3748 531 3828 Theobaldus,
557 3750 617 3814 Dei
641 3750 745 3835 gratia
768 3752 1004 3816 Cantuariensis
1027 3753 1283 3838 archiepiscopus,

285 3861 464 3945 Anglorum
479 3862 606 3945 primae,
615 3869 649 3927 et
664 3863 854 3947 Apostolioae
871 3864 959 3928 Sedis
968 3865 1104 3950 legatae,
1114 3869 1284 3932 venerabili

283 3972 372 4038 fratri
403 3978 435 4037 et
463 3973 563 4038 amico
593 3974 757 4053 Nicbolao,
788 3975 987 4040 Landavensi
1017 3978 1169 4063 episcopo,
1199 3979 1282 4042 salu-

283 4091 358 4149 tem.
407 4084 594 4171 Accepimus
618 4109 655 4151 cx
676 4093 782 4152 tenore
803 4087 981 4153 litterarum
1002 4096 1177 4154 vestrarum
1200 4090 1284 4175 quod
1329 4120 1334 4127 ·

746 4249 755 4283 ¹
775 4251 825 4299 Sic.
