3000 4972
660 565 770 611 nrum
793 565 831 611 11.
1180 548 1242 610 2:3³

242 726 274 785 et
299 742 402 785 eomes
418 717 619 803 Andegaviae,
635 717 813 784 vicecomiti
836 718 875 783 de
902 718 991 783 Kent
1015 722 1048 784 et
1070 716 1246 802 praepositis

242 831 381 897 civitatis
405 830 641 895 cantuariensis
666 830 811 895 salutem.
856 829 1004 915 Praeeipio
1028 830 1112 914 quod
1140 829 1248 894 omnia

242 943 430 1020 molendina,
445 941 511 1007 eive
526 941 609 1005 intra
629 939 695 1006 sive
717 947 807 1006 extra
821 963 926 1005 muros
949 939 1088 1005 civitatis
1105 940 1247 1005 Cantna·

242 1054 351 1118 riensis
367 1057 556 1129 constructa,
572 1050 618 1115 ita
632 1050 834 1135 attemperari
843 1057 875 1116 et
886 1050 1098 1116 admensurari
1114 1051 1247 1131 faciatis,

242 1170 280 1229 ut
294 1164 473 1229 molendina
488 1162 724 1228 Cantuariensis
746 1162 879 1227 ecelesiae
901 1162 948 1227 ita
973 1163 1110 1247 plenarie
1133 1162 1248 1227 molere

242 1274 374 1360 possint,
390 1275 472 1339 sieut
486 1273 600 1337 molere
615 1273 758 1337 solebant
772 1280 912 1357 ternpore
936 1272 1020 1356 regis
1041 1272 1172 1337 Hernici
1196 1271 1249 1337 avi
1355 1319 1361 1329 ¹

243 1387 317 1467 mei,
331 1408 371 1451 ne
382 1385 422 1450 ab
436 1385 506 1449 aliis
521 1383 708 1449 molendinis
724 1383 922 1469 aliquatenus
936 1383 1157 1468 impediantur.
1202 1385 1248 1449 Et

243 1498 272 1561 si
291 1495 511 1562 Cantuariensi
536 1494 670 1561 eeclesiae
696 1495 848 1559 damnum
871 1495 1015 1580 pervenit
1036 1518 1092 1579 per
1115 1495 1248 1558 aliorum

244 1607 423 1672 molendina
451 1605 546 1671 altius
575 1604 690 1685 levata,
713 1628 809 1690 quam
839 1605 968 1671 fuerunt
995 1609 1137 1689 tempore
1164 1605 1249 1689 regis

246 1718 377 1784 Hearioi
392 1716 443 1782 avi
458 1716 530 1794 mei,
546 1715 690 1800 praecipio
705 1716 789 1800 quod
803 1715 870 1780 sine
896 1714 1046 1780 dilatione
1061 1723 1094 1779 et
1107 1716 1193 1799 juste
1219 1715 1249 1779 ei

244 1831 324 1895 illud
340 1829 506 1894 restaurari
522 1827 655 1906 faeiatiS,
664 1849 703 1890 ne
715 1827 789 1891 inde
800 1826 934 1911 amplius
946 1826 1111 1890 clamorem
1122 1826 1249 1890 audiam

244 1965 300 2029 pro
314 1940 446 2025 penuria
460 1938 602 2024 justitia.
647 1939 797 2002 'destante
819 1936 1000 2002 cancellario
1016 1937 1099 2019 apud
1123 1938 1249 2020 Argeu-

244 2060 421 2136 tornagum.

364 2724 464 2809 [Cass
486 2745 526 2790 or
549 2725 696 2791 Graannr
718 2747 758 2791 or
781 2728 969 2793 Pauurrou.
1016 2727 1149 2812 118ι.]1

253 2864 319 2929 [The
337 2864 480 2914 defendant
498 2865 521 2914 ie
538 2865 656 2926 aoousod,
671 2871 718 2915 ont
735 2867 765 2914 of
778 2882 929 2930 moroenary
947 2867 1066 2927 motivae,
1078 2868 1114 2932 by
1130 2866 1253 2926 Glanvill,

315 2941 361 2990 the
371 2941 457 3004 king's
465 2941 635 3005 justinianos
643 2944 766 3005 carrying
778 2943 816 2991 off
823 2943 874 2991 aad
886 2944 1021 3007 marrying
1032 2959 1048 2992 a
1056 2960 1146 3007 young
1154 2944 1254 2992 hoireee

315 3023 342 3071 in
354 3023 398 3070 the
409 3021 462 3084 giit
473 3021 502 3070 oi
512 3022 557 3071 the
567 3022 637 3085 king,
650 3023 702 3072 aad
713 3023 743 3071 of
750 3024 876 3086 breaking
887 3024 927 3072 sir
937 3027 1011 3086 gates
1022 3023 1074 3072 and
1085 3025 1208 3087 oarrying
1219 3022 1258 3072 off

314 3114 331 3148 a
342 3099 460 3148 hnnter's
471 3100 536 3147 horn
548 3099 575 3147 in
586 3100 631 3148 tho
642 3103 694 3159 aot,
707 3099 833 3163 oharging
844 3100 889 3148 the
901 3101 983 3149 whole
994 3104 1022 3149 to
1033 3100 1100 3149 have
1111 3102 1176 3149 been
1187 3100 1254 3148 done

314 3178 345 3225 ia
363 3176 497 3226 latrocinio
518 3181 542 3226 et
561 3177 676 3235 roberim
702 3177 789 3226 which
807 3177 853 3226 the
871 3177 1013 3227 defendant
1032 3179 1128 3238 denies,
1146 3179 1256 3242 offering

315 3251 393 3316 proof
402 3252 431 3302 oi
441 3253 481 3302 hie
492 3255 640 3303 innooenoe.
675 3253 796 3313 Glanaill,
808 3254 936 3311 however,
953 3269 1032 3318 urges
1045 3255 1191 3319 jndgment‚
1202 3255 1255 3304 and

315 3332 361 3379 the
372 3329 513 3380 defendant
525 3332 547 3380 ie
558 3330 700 3390 oona-roten,
712 3331 764 3380 aad
775 3331 883 3380 ordered
895 3336 923 3379 to
933 3333 965 3380 be
976 3330 1070 3396 hung]

253 3459 394 3523 Irrnnlu
409 3459 486 3522 dum
502 3482 555 3524 rex
570 3464 743 3523 moraretur
757 3458 841 3543 apud
856 3460 1067 3543 Wygomiam
1082 3482 1155 3525 eum
1169 3482 1256 3524 exer·

252 3570 318 3634 citu
333 3593 398 3648 suo,
414 3571 454 3634 ad
469 3570 688 3635 debellandum
704 3571 823 3635 Resum
838 3570 939 3634 filium
955 3571 1082 3650 Griffin,
1097 3576 1135 3635 ut
1149 3592 1257 3654 supra·

252 3680 375 3743 dietum
397 3683 475 3759 est?
497 3681 650 3746 adductus
673 3688 722 3745 est
750 3682 785 3746 in
816 3680 951 3745 vinculis
979 3681 1106 3765 juvenis
1128 3681 1256 3766 quidam

253 3788 351 3852 nobili
362 3795 488 3854 exortus
502 3791 655 3875 prosapia,
671 3797 704 3856 et
719 3792 888 3857 vocabatur
898 3791 1087 3856 Gillebertns
1098 3791 1257 3856 de'Plum-

253 3899 343 3963 tonia
356 3925 364 3977 ;
388 3922 481 3984 quem
498 3901 655 3965 Rannlfus
669 3902 708 3967 de
724 3901 864 3980 Glanvil,
877 3901 960 3985 regis
974 3901 1176 3985 justitiarius,
1186 3902 1258 3965 odio

254 4008 399 4088 habebat,
415 4016 447 4074 et
462 4011 556 4075 morti
571 4011 691 4076 tradere
706 4012 890 4097 satagebat:
913 4011 1077 4095 imponens
1103 4011 1149 4074 illi
1175 4011 1258 4097 qnod

339 4238 342 4244 y
419 4187 428 4219 ¹
446 4186 460 4233 l
474 4185 637 4240 Benediotne,
650 4184 731 4233 Gesta
742 4184 866 4243 Hen.11.‚
879 4187 929 4233 314
942 4184 1014 4249 (Rea.
1027 4184 1118 4249 Com).

419 4258 430 4290 ²
448 4263 513 4310 That
526 4263 556 4322 is,
568 4262 596 4310 in
608 4261 653 4311 the
664 4261 800 4310 ohroniole.
