3000 4972
659 573 797 618 u'latlau
825 576 845 617 1.

480 771 608 855 [Lauus
630 794 670 837 oa
693 775 851 839 Wimmu
875 774 1023 864 Mamm]

293 905 342 970 Dc
357 906 437 970 VII.
453 909 606 973 carucatis
632 916 722 975 terrm
746 912 778 974 iu
807 913 892 976 Nort
916 914 1030 978 Dufclt
1056 938 1132 999 quas
1157 916 1252 981 habet

250 1013 360 1098 Nich
389 1016 501 1082 dicunt
538 1020 632 1085 fuisse
666 1021 811 1085 saisitum
839 1023 1037 1087 Willalmum
1077 1026 1189 1105 Malct‚
1220 1034 1253 1091 ct

248 1125 394 1190 habuisse
418 1133 534 1192 terram
559 1137 593 1194 ct
622 1132 786 1195 servitium
818 1132 915 1197 donec
942 1134 1078 1197 fractum
1107 1143 1156 1199 est
1186 1160 1250 1200 cas-
1350 1128 1353 1133 ⁵

249 1236 370 1300 tellum.

543 1639 628 1721 [Tua
653 1638 745 1701 Kiuc
770 1662 794 1700 a.
820 1636 955 1719 Numa]

292 1797 381 1860 Duas
410 1805 571 1862 carucatas
601 1821 679 1882 quas
709 1798 805 1862 habet
830 1798 930 1881 Nigel
962 1798 995 1861 in
1028 1797 1095 1860 sud
1126 1797 1249 1876 Dufclt,

248 1907 359 1972 dicunt
373 1909 528 1993 pertinere
550 1909 635 1993 regis
657 1909 797 1973 dominio
819 1909 852 1971 in
875 1908 1053 1972 Pocliutan.
1101 1907 1251 1992 Rcliquas

248 2041 321 2083 vcro
345 2020 407 2086 VI.
438 2025 602 2084 carucatas
638 2020 754 2084 ibidem
792 2020 906 2083 habuit
934 2019 1113 2083 Willelmus
1147 2018 1250 2084 Malct

248 2130 398 2214 quamdiu
422 2130 527 2194 tenuit
549 2131 714 2195 castellum
739 2131 778 2195 dc
802 2130 930 2208 Eurum,
957 2136 990 2194 ct
1014 2129 1158 2195 homines
1186 2153 1247 2194 ser·

249 2240 363 2305 vitium
379 2241 550 2306 reddebant
566 2241 603 2306 ei.

479 2766 608 2850 [Lauus
630 2786 669 2830 oa
694 2767 850 2830 Wmumu
876 2766 1021 2849 Mamm]

290 2930 365 2994 Tres
397 2934 549 2993 carucata
581 2933 661 2992 tcrre
694 2928 729 2991 in
756 2927 856 3004 Cliue,
881 2933 915 2990 ct
942 2934 1006 2991 tres
1035 2932 1188 2990 carucata
1214 2925 1248 2989 in

245 3039 433 3124 Ansgotcbi,
448 3038 547 3122 Nigel
566 3061 618 3103 cas
649 3041 747 3115 tenet,
770 3037 824 3101 scd
846 3036 958 3101 dicunt
980 3035 1035 3121 qui
1061 3036 1249 3120 juraveruut

245 3150 320 3235 quia
342 3149 521 3214 Willclmus
548 3148 650 3213 Malct
672 3147 786 3212 habuit
806 3148 888 3212 hanc
911 3152 1028 3212 tcrram
1048 3145 1083 3209 in
1097 3146 1248 3226 dominic,

245 3261 398 3348 quamdiu
412 3261 446 3324 in
461 3259 658 3325 Eumicscira
674 3266 791 3324 terram
806 3259 912 3324 tenuit
931 3259 1010 3343 [esse
1026 3257 1212 3342 Willelmi].

477 3792 609 3881 [Imaus
631 3813 670 3857 01³
693 3792 853 3893 wamia
877 3791 1021 3876 Mutua]

287 3951 399 4015 'Potum
414 3958 529 4017 terram
552 3955 697 4019 Norman
712 3953 770 4016 filii
785 3952 999 4018 Malcolumbc
1020 3973 1116 4036 quam
1131 3953 1246 4018 habuit

242 4061 277 4124 in
314 4062 497 4147 Estrcding,
535 4070 673 4130 testatur
710 4064 813 4129 omnis
850 4063 1022 4128 comitatus
1047 4062 1246 4127 Willelmum

241 4171 346 4236 Malet
360 4173 498 4239 tenuisse
514 4174 547 4238 in
569 4198 626 4239 suo
648 4174 803 4252 dominio,
819 4173 971 4258 quamdiu
992 4172 1026 4235 in
1048 4172 1246 4238 Euruicscira

145 4322 153 4336 -
243 4288 361 4347 terram
376 4286 489 4350 tenuit.
