3000 4972
668 553 777 599 fluunt
800 555 823 600 1.
1184 536 1244 602 137

570 721 711 810 [Brsuor
735 723 916 806 Rnnunn.]¹

243 860 310 925 [The
320 860 406 922 king'n
416 859 477 908 urit
488 858 618 921 directing
629 858 690 907 thot
700 858 747 907 the
757 858 852 921 binhop
863 858 896 907 be
907 863 956 921 put
967 859 995 907 in
1007 857 1086 908 minin
1099 858 1129 908 of
1144 859 1246 909 certain

675 938 771 1003 lende]

244 1056 417 1118 Huunlcus
432 1076 487 1117 rex
502 1052 644 1117 Osbemo
659 1052 847 1132 vicecomiti,
862 1059 894 1117 et
917 1053 1064 1118 omnibus
1090 1053 1244 1118 ministris

242 1165 306 1229 suis
321 1164 360 1228 de
370 1162 609 1248 Everwyschira
620 1162 765 1227 sulutem.
790 1162 933 1248 Precipio
945 1163 1044 1243 vobis,
1053 1169 1092 1228 ut
1102 1163 1245 1229 resaisia·

242 1274 285 1337 tis
312 1272 517 1357 Ranulphum
544 1273 724 1357 episcopum
751 1273 1008 1352 Dunelmensem,
1034 1274 1072 1338 de
1096 1274 1244 1339 omnibus

243 1383 306 1446 illis
329 1383 420 1446 terris
446 1405 506 1466 que
526 1383 685 1465 pertinent
700 1383 740 1446 ad
755 1382 969 1467 episcopatum
985 1383 1243 1464 Dunelmensem,

243 1498 275 1556 et
291 1491 479 1555 nominatim
494 1491 532 1556 de
548 1497 631 1555 terra
645 1492 683 1555 de
695 1491 887 1570 Clivelanda,
897 1514 992 1575 quom
1009 1493 1143 1577 Copsius
1158 1493 1246 1558 dedit

245 1605 362 1667 Sancto
385 1601 569 1666 Cuthberto.
602 1602 693 1665 Teste
710 1602 833 1665 Ursone
846 1601 886 1666 de
900 1602 1022 1666 Abetot
1044 1603 1127 1686 apud
1145 1603 1243 1668 Here-

243 1714 321 1777 sord.

357 2137 496 2220 [Brsuor
513 2137 651 2200 Rnnunr
666 2157 693 2198 v.
712 2137 845 2199 Ronunr
860 2155 902 2199 nn
919 2135 1127 2220 Muscnus.]²

245 2282 312 2347 [The
323 2282 428 2346 queen’s
439 2283 499 2331 writ
509 2282 640 2346 directing
650 2283 711 2331 that
722 2282 768 2330 the
779 2282 897 2345 pleintiff
912 2284 979 2331 hove
997 2283 1071 2346 right
1089 2286 1246 2351 concerning

391 2360 492 2408 certain
502 2359 579 2408 lande
590 2359 748 2423 wrongfully
759 2359 821 2408 held
832 2360 868 2423 by
879 2360 924 2407 tho
936 2359 1098 2424 defendent]

245 2484 411 2547 Mnrlnnls
434 2481 552 2565 Anglie
576 2481 696 2565 regine,
712 2480 843 2564 Nigello
866 2481 903 2545 de
926 2481 1074 2546 Albineio
1099 2483 1246 2550 salutem.

246 2590 386 2676 Precipio
411 2590 482 2671 tibi,
509 2596 547 2654 ut
570 2588 667 2655 facian
694 2590 863 2674 Ranulpho
882 2591 1026 2675 episcopo
1040 2591 1248 2659 Dunelmensi
1332 2585 1335 2589 ’
1360 2598 1365 2609 ’

245 2702 357 2767 habere
372 2703 502 2787 planum
519 2706 639 2766 rectum
655 2702 693 2767 de
709 2702 848 2766 Roberto
864 2702 902 2765 de
917 2703 1090 2781 Muscums,
1102 2703 1141 2766 de
1155 2704 1247 2769 terris

246 2837 323 2897 quas
348 2812 513 2897 occupavit
542 2835 634 2896 super
662 2815 815 2876 Sanctum
844 2810 1069 2888 cuthbertum,
1095 2817 1127 2875 et
1156 2836 1248 2897 super

246 2946 314 2988 eam
330 2923 368 2987 de
384 2925 460 3001 Ros,
475 2929 508 2988 et
522 2923 592 2986 aliis
611 2921 703 2987 terris
728 2945 805 3006 quas
828 2921 893 3006 ipse
910 2920 1066 2985 Robertus
1084 2925 1249 3008 occupavit

246 3039 317 3118 post
332 3033 539 3113 concordiam,
556 3057 616 3118 que
631 3034 715 3097 facta
729 3032 792 3096 fuit
807 3033 890 3097 inter
905 3031 1113 3096 Willielmum
1129 3035 1246 3117 epinoo.

246 3166 324 3227 pum
353 3149 386 3207 et
415 3144 563 3208 comitem
594 3143 770 3209 Robertum
801 3142 1134 3224 Northumberlandie,
1164 3145 1248 3212 sicut

248 3253 436 3338 Ranulphus
450 3253 613 3339 episcopus
629 3260 804 3318 monstrare
819 3251 941 3337 poterit

555 3669 710 3752 [Gonwm
726 3692 752 3734 o.
765 3670 947 3753 Ronnnn.]³

248 3826 409 3893 [Thekingn
420 3828 482 3877 urit
493 3828 646 3890 confirming
655 3828 794 3890 judgment
807 3829 835 3876 in
853 3828 946 3877 favour
964 3827 993 3877 of
1012 3828 1121 3879 Godwin
1139 3843 1169 3878 eu
1186 3831 1215 3878 to
1233 3843 1249 3877 a

475 3909 576 3957 oortnin
586 3908 691 3967 charon,
703 3909 792 3968 tithos,
805 3909 856 3957 und
868 3907 1020 3973 cemetery.]

250 4018 422 4082 Hunmcus
444 4041 499 4083 rex
531 4018 656 4100 Angliae
687 4017 825 4082 Roberto
854 4017 997 4102 episcopo
1028 4016 1186 4083 Cestrensi
1216 4022 1250 4080 et

312 4192 320 4225 ¹
339 4193 534 4250 monosticon,
551 4190 662 4257 241(0d.
676 4192 760 4257 1846).
1031 4188 1042 4220 ²
1058 4193 1098 4242 Ib.
1109 4193 1166 4240 242.

453 4281 464 4314 ³
480 4281 670 4330 6Monestioon
684 4280 757 4344 (part
767 4280 805 4344 2),
818 4281 881 4330 1043
895 4281 946 4343 (cd
959 4281 1041 4342 1846).
