3000 4972
626 552 734 596 uannr
758 553 794 598 11.
1155 535 1216 597 185
1329 544 1338 557 “

211 701 332 785 judicio
367 702 479 788 synodi
519 702 734 767 Laudavensis
769 703 914 783 ecclesias,
949 703 1076 768 ecclesia
1106 701 1217 767 Sancti

216 813 354 878 Gundlei
380 814 419 878 de
443 815 538 878 Novo
561 813 670 898 Burgo
685 815 832 879 restituta
847 815 889 879 sit
912 815 1010 880 ctiam
1025 820 1129 879 vestra
1143 836 1217 878 auc-

215 925 344 989 toritate
367 924 475 989 abbati
499 929 531 989 et
561 926 721 990 monachis
749 927 996 992 Gloucestrensis
1025 924 1216 991 monasterii.

215 1036 285 1099 Nos
307 1059 381 1120 ergo
404 1036 560 1121 judicium
583 1036 661 1101 illud
682 1042 788 1102 ratum
811 1038 972 1116 habemus,
993 1043 1026 1102 et
1040 1038 1123 1122 quod
1145 1036 1218 1100 inde

215 1147 332 1212 fecistis
347 1149 537 1234 patrocinari
553 1172 607 1232 per
629 1149 734 1213 omnia
750 1150 906 1214 volumus.
953 1150 989 1214 Si
1010 1172 1084 1215 vero
1099 1149 1218 1213 clavem

215 1259 348 1324 eeclesiae
372 1259 442 1344 quis
456 1260 608 1339 detineat,
623 1267 662 1324 ut
686 1260 811 1340 dicitur,
827 1284 883 1326 vos
897 1262 936 1325 ad
952 1261 1111 1326 ecclesiam
1130 1259 1218 1323 illam

215 1369 250 1432 in
265 1391 396 1452 persona
405 1375 509 1433 vestra
519 1370 684 1450 accedatis,
693 1377 725 1434 et
736 1371 797 1435 nisi
812 1371 980 1453 sacrilegus
995 1371 1218 1435 illedetcntam

216 1478 336 1544 clavem
362 1480 542 1559 reddiderit,
558 1504 612 1545 vos
635 1481 753 1545 clavem
769 1504 884 1547 novam
907 1482 1219 1547 nostraauctoritate

216 1590 349 1670 faciatis,
359 1598 392 1656 et
407 1591 568 1656 ecclesiam
582 1593 729 1676 aperiatis
744 1598 777 1656 et
791 1593 981 1677 corporalem
996 1594 1218 1658 investituram

216 1701 324 1768 abbati
341 1702 554 1783 Glouccstriae,
569 1709 638 1767 tam
652 1705 829 1769 deecclesia
845 1705 955 1770 Sancti
970 1705 1107 1769 Gundlei
1123 1727 1218 1788 quam

216 1811 254 1876 dc
270 1813 415 1878 domibus
429 1821 461 1879 et
476 1815 608 1878 officinis
623 1820 656 1880 et
677 1816 825 1879 omnibus
839 1816 879 1880 ad
893 1838 962 1881 eam
976 1815 1219 1900 pertinentibus,

216 1924 333 2008 absque
348 1925 500 1989 dilatione
514 1925 697 1991 exhibeatis.
742 1926 786 1991 Et
808 1928 835 1990 si
857 1927 927 2011 quis
944 1927 1033 1992 vobis
1054 1927 1217 2007 restiterit,

216 2035 267 2100 vel
290 2036 397 2100 abbati
427 2036 576 2101 beneficia
600 2037 733 2102 ecclesiae
762 2037 941 2117 detinuerit,
967 2037 1015 2103 vel
1045 2038 1219 2123 quamlibet

218 2146 393 2210 molestiam
408 2147 435 2211 ei
451 2147 646 2232 irrogaverit,
664 2172 805 2213 roseum
826 2148 1032 2214 ecclesiastica
1053 2149 1219 2234 disciplina

217 2259 391 2335 coerceatis,
406 2263 439 2321 et
454 2257 486 2321 in
509 2258 655 2322 omnibus
677 2260 868 2324 confidenter
882 2260 996 2344 agatis
1011 2260 1085 2344 quia
1104 2260 1138 2322 in
1160 2260 1219 2324 hac

217 2390 250 2431 re
264 2391 320 2452 pro
335 2369 462 2433 ecclesia
479 2369 681 2435 Gloucestriae
691 2393 746 2456 per
760 2372 867 2436 omnia
883 2371 971 2436 vobis
985 2372 1127 2436 validum
1141 2394 1219 2456 prae-

217 2480 372 2578 stabimus
387 2481 605 2564 patrocinium.
650 2483 775 2547 Valete.

218 2652 349 2718 [Another
365 2655 545 2703 confirmation
555 2655 591 2719 by
602 2655 733 2704 Theobald
744 2661 773 2705 to
784 2655 820 2704 all
831 2670 891 2705 men
902 2656 932 2705 of
945 2657 991 2706 the
1002 2656 1107 2716 ohuroh,
1119 2657 1219 2706 record·

282 2736 328 2797 ing
336 2737 380 2784 the
388 2735 528 2798 judgment
536 2736 596 2786 that
604 2736 657 2785 had
667 2738 734 2787 been
744 2738 870 2786 rendered
881 2739 917 2802 by
928 2739 969 2787 his
980 2739 1085 2802 bishops
1094 2739 1121 2787 in
1129 2739 1220 2789 favour

283 2813 313 2860 ol
321 2813 365 2861 the
377 2813 457 2861 abbot
469 2813 499 2862 of
509 2813 683 2878 Gloucestcr.]

260 2928 444 3008 'leobaldus
473 2929 533 2992 Dei
565 2930 670 3013 gratia
698 2929 933 2994 cantuariensis
962 2929 1220 3015 archiepiscopus,

217 3039 318 3103 totins
333 3038 460 3123 Angliae
471 3039 597 3124 primas,
608 3039 796 3124 Apostolicae
806 3041 895 3105 Sedis
907 3041 1040 3124 legatus,
1051 3040 1220 3106 venerabili

217 3150 307 3214 fratri
316 3155 348 3214 et
360 3150 460 3215 amico
471 3150 641 3231 Nichola0,·
651 3151 851 3216 Laudavensi
862 3151 1014 3236 episcopo,
1025 3159 1057 3216 et
1066 3152 1221 3216 universis

216 3261 286 3324 aliis
311 3262 436 3326 Sanctae
463 3261 609 3326 Ecclesiae
632 3260 785 3340 fidelibus,
815 3262 961 3326 salutem.
1015 3263 1102 3327 Visis
1126 3264 1221 3328 cartis

217 3373 399 3438 monasterii
424 3373 515 3438 Beati
538 3373 625 3438 Petri
642 3373 856 3449 Gloucestriae,
878 3379 910 3438 et
931 3374 1112 3459 juramento
1137 3376 1220 3440 mul·

216 3489 322 3549 torum
337 3485 469 3548 testium
484 3507 566 3548 sanae
578 3484 735 3568 opinionis
746 3491 873 3568 accepto
886 3507 978 3568 super
992 3485 1119 3550 ecelesia
1127 3485 1221 3552 Beati

219 3572 355 3660 Gundlei
368 3597 407 3662 de
429 3598 524 3661 Novo
539 3597 660 3680 Burgo,
670 3618 708 3659 ex
724 3595 838 3679 quibus
858 3618 930 3659 cum
945 3596 1132 3680 aliquotiens
1147 3620 1220 3662 con·

216 3706 367 3769 troversia
388 3707 422 3769 in
443 3714 550 3771 nostra
569 3707 734 3791 praesentia
756 3707 841 3771 inter
854 3702 1052 3771 Willelmum
1074 3708 1222 3773 comitem

219 3816 421 3881 Gloucestriae
444 3823 477 3882 et
501 3818 709 3882 Hamelinum
732 3818 879 3883 abbatem
900 3818 1023 3901 praefati
1038 3819 1221 3882 monasterii

217 3948 309 4009 super
334 3926 440 3991 eadem
463 3927 590 3992 eeclesia
613 3928 737 4011 agitata
759 3928 878 4007 suisset,
894 3928 1108 4011 intelligentes
1133 3928 1221 3992 illam

217 4037 378 4102 ecclesiam
396 4039 501 4122 adjus
520 4039 682 4123 jamdicti
704 4040 887 4103 monasterii
910 4039 1074 4123 pertinere,
1090 4041 1220 4104 consilio

218 4148 441 4214 venerabilium
468 4155 658 4227 nostrorum,
672 4148 818 4213 videlicet
843 4149 970 4212 Hillarii
996 4149 1219 4233 Cycestrensis,

218 4265 251 4325 et
275 4261 405 4325 ltoberti
432 4258 663 4334 Bathonicnsis,
696 4264 728 4321 ct
754 4257 888 4322 Jocclini
919 4258 1164 4342 saresbiriensis,
1188 4267 1228 4358 et·
