3000 4972
260 533 301 596 66
505 549 638 594 ruacrm
660 547 1012 594 nauso-uonuaumcri.

259 722 367 766 rarum
382 699 593 782 ecclesiarum,
618 701 662 767 sio
686 701 783 766 ctiam
807 701 845 765 de
862 702 965 784 'hujus
991 699 1103 764 matris
1127 697 1262 764 ccolesiae

259 812 463 877 institutione
477 812 626 877 dicerent.
672 813 723 877 Ad
745 813 858 876 harum
882 835 986 876 rerum
1010 809 1198 876 scrutinium
1225 832 1264 874 ex

259 930 367 988 nostro
382 923 527 1008 praeoipio
543 924 681 1002 fuerunt,
698 924 833 987 Thomas
842 924 936 1008 prior,
949 923 1056 988 Alfere
1068 921 1262 1001 secretarius,

261 1034 441 1119 Godriopiei
456 1034 654 1112 camerarius,
670 1034 796 1098 Uhtred
820 1040 940 1114 cantor,
955 1034 1085 1117 Agelric
1108 1033 1262 1098 archidia-

258 1167 366 1226 conus,
382 1145 514 1211 Edwine
532 1147 628 1210 frater
649 1145 727 1229 ejus,
750 1145 900 1225 Frideric,
924 1145 1077 1229 Agelmar
1098 1145 1262 1231 presbiter,

258 1278 332 1321 cum
354 1255 423 1320 aliis
445 1256 697 1340 quamplurimis,
712 1279 791 1340 quos
806 1255 845 1318 ad
867 1258 925 1320 hoc
948 1256 1039 1340 elegi.
1086 1256 1132 1319 Hi
1154 1279 1262 1321 omnes

258 1367 360 1452 igitur
395 1367 556 1432 communi
587 1367 696 1431 habito
730 1365 862 1432 consilio
894 1368 1008 1433 reversi
1045 1367 1081 1430 in
1117 1372 1261 1430 sanctam

258 1478 424 1563 synodum,
447 1478 684 1543 affirmaverunt
699 1477 818 1542 nullam
842 1501 909 1544 esse
930 1478 1110 1562 parochiam
1133 1477 1169 1541 in
1191 1483 1261 1543 tota

250 1589 333 1658 ,urhe
349 1589 576 1675 Wigracestria
590 1588 653 1654 nisi
668 1594 798 1655 tentum
814 1590 926 1654 matris
941 1589 1086 1655 eccleeiae.

259 2329 384 2417 [emm
411 2351 450 2396 or
476 2333 651 2396 Assoron
677 2334 728 2396 Sr.
754 2333 946 2395 Auousmun
976 2349 1015 2393 ro
1047 2330 1194 2393 Cusrons
1219 2346 1259 2391 nr

558 2442 772 2506 anruurou.
819 2441 945 2524 1094.]¹

258 2628 314 2692 [An
336 2628 488 2692 inquisition
510 2628 624 2678 directed
641 2627 798 2690 concoming
815 2626 862 2675 tho
884 2630 1001 2676 cnstoms
1018 2625 1048 2674 oi
1061 2624 1217 2674 thoohuroh
1233 2623 1263 2672 of

647 2706 686 2755 St.
698 2704 868 2770 Augustino]

255 2867 460 2930 Wrnununus
484 2865 568 2930 filius
594 2865 677 2951 regis
701 2863 867 2942 Willelmi,
892 2863 1071 2928 vicecomiti
1094 2863 1132 2926 de
1159 2865 1259 2941 Kent‚

256 2975 401 3040 salutem.
447 2977 510 3040 Fac
544 2975 723 3060 recognosci
759 2998 814 3059 per
849 2974 991 3039 homines
1027 2973 1183 3038 hundredi
1219 2974 1258 3038 de

256 3085 455 3150 Middcltone
470 3108 548 3169 quas
570 3086 811 3150 consuetudines
833 3084 928 3149 abbas
949 3084 1058 3149 Sancti
1082 3083 1260 3167 Augustini

256 3196 369 3259 habore
384 3195 477 3258 dehet
492 3195 525 3257 in
541 3195 617 3259 villc
631 3196 669 3259 de
693 3195 918 3280 Newingtone,
942 3202 975 3259 et
998 3217 1076 3280 quas
1102 3195 1178 3259 olim
1201 3195 1258 3259 ha·

256 3305 337 3368 buit.
382 3306 426 3367 Et
441 3305 521 3368 tales
543 3304 592 3369 sac
615 3305 644 3369 ei
669 3305 781 3369 habere
807 3306 873 3370 sine
898 3328 985 3370 mora
1011 3313 1044 3370 et
1068 3305 1258 3371 nominatim

256 3414 295 3478 de
310 3414 372 3478 isto
388 3412 516 3494 auxilio,
532 3414 614 3478 sicut
628 3413 706 3478 olim
721 3414 842 3479 habuit.
887 3416 980 3481 'Peste
994 3415 1138 3501 episcopo
1154 3417 1257 3483 Sales·

256 3522 400 3602 beriensi,
416 3522 499 3607 apud
514 3524 845 3590 Westmonasterium.

487 3720 495 3752 1
514 3719 583 3770 nau
596 3721 666 3770 uon
680 3721 719 3771 st.
730 3721 798 3786 Aug.
807 3722 857 3773 oso
868 3722 942 3784 (neo.
956 3722 1050 3784 como.
