3000 4972
328 548 390 608 ⁸228
579 561 711 606 amorra
734 558 1080 606 auom-uouurrrmor.

328 716 430 800 priore
454 722 487 780 et
516 709 710 798 suppriorcl¹
735 715 828 778 Petro
852 718 885 777 et
913 713 1073 797 Stephano
1099 711 1137 776 de
1164 710 1328 789 Furucsia,

327 826 456 891 Josleno
476 825 531 910 qui
552 824 597 888 ibi
619 825 722 889 fuerat
744 824 850 902 abbas,
865 823 1019 888 Ramaldo
1034 823 1072 887 de
1088 823 1190 886 Cham
1206 828 1238 886 et
1261 827 1330 885 toto

328 935 475 1021 capitulo

444 1047 511 1113 [The
522 1045 657 1110 following
667 1047 848 1095 confirmation
858 1045 887 1094 oi
898 1046 943 1093 the
951 1046 1033 1094 above
1044 1046 1066 1093 is
1077 1046 1154 1108 given
1163 1042 1216 1108 :-]

374 1139 482 1202 Frater
497 1136 537 1200 A.
553 1136 657 1201 dictus
672 1135 769 1200 abbas
784 1135 928 1200 Cistereii
942 1136 1088 1199 omnibus
1103 1134 1268 1198 abbatibus
1290 1132 1331 1196 ad

330 1248 518 1313 Cistercium
533 1246 764 1332 pertinentibus
779 1247 923 1312 salutem.
970 1246 1084 1310 Sciatis
1105 1268 1163 1308 nos
1185 1243 1332 1329 praesenti

330 1367 419 1425 carta
433 1365 540 1424 nostra
555 1360 752 1422 confirmasse
767 1357 874 1421 abbati
890 1363 922 1422 et
943 1356 1113 1422 conventui
1128 1356 1166 1421 <le
1182 1356 1330 1421 Billewas

330 1471 473 1536 abbatias
495 1471 533 1534 de
557 1471 732 1553 Basinguce
758 1477 791 1534 et
820 1469 858 1533 de
888 1468 1045 1533 Duveliua
1076 1469 1159 1533 sicut
1192 1467 1330 1553 primum

329 1582 464 1646 dilectus
486 1580 569 1644 lilius
592 1587 697 1644 noster
713 1579 866 1644 Ricardus
880 1580 918 1644 dc
935 1581 1029 1645 Curei
1044 1603 1116 1644 eum
1131 1586 1213 1645 esset
1235 1581 1332 1644 abbas

331 1692 494 1777 Savigneii
516 1699 548 1757 et
571 1699 679 1776 postea
695 1691 881 1756 venerabilis
902 1693 998 1757 frater
1019 1697 1126 1756 noster
1141 1691 1331 1755 Guillelmus

329 1804 368 1868 de
383 1805 494 1869 Tolosa
508 1805 610 1869 factus
633 1804 730 1867 abbas
752 1803 895 1889 ejusdem
917 1803 976 1869 loci
998 1827 1050 1868 eas
1071 1804 1116 1868 eis
1137 1804 1173 1867 in
1192 1802 1331 1887 capitulo

331 1914 496 1998 Savigneii
525 1922 747 1979 concesserunt
776 1920 809 1978 et
838 1915 933 1979 cartis
962 1915 1026 1979 suis
1053 1915 1329 1979 confirmaverunt.

329 2024 486 2089 Volumus
506 2026 611 2109 itaque
630 2033 663 2091 et
685 2027 857 2090 statuimus
879 2026 1026 2110 quicquid
1050 2026 1229 2110 superhaec
1251 2024 1330 2089 fece·
1437 2034 1446 2047 ‘

330 2143 406 2203 runt
427 2124 533 2200 ratum
553 2143 586 2201 et
606 2136 732 2201 firmum
755 2136 862 2202 haberi
885 2138 1125 2221 imperpetuum.
1171 2136 1255 2200 Hiis'
1267 2141 1331 2201 tes·

330 2248 416 2312 tibus
440 2248 574 2312 Ricardo
596 2248 710 2312 abbate
732 2248 859 2327 Belbec,
885 2249 1013 2314 Simone
1033 2247 1146 2313 abbate
1160 2248 1198 2312 de
1214 2249 1331 2312 Sancto

330 2359 469 2438 Andrea,
494 2358 624 2423 Galtero
653 2359 766 2422 abbate
797 2358 835 2423 de
860 2359 960 2437 Neht,
984 2359 1130 2423 Johanne
1155 2359 1267 2423 abbate
1292 2359 1332 2422 de

331 2473 469 2554 ligusto,
487 2468 620 2532 Girardo
642 2469 756 2533 abbate
779 2470 818 2536 de
840 2469 1043 2554 Lurrguilcrs,
1060 2471 1204 2534 Johanne
1218 2470 1332 2534 abbate

330 2581 370 2644 dc
385 2579 554 2660 Joravalle,
569 2581 704 2664 Radulso
719 2580 832 2646 abbate
847 2581 885 2645 de
900 2580 1061 2644 Chaloehi.

366 2691 433 2753 [The
444 2690 578 2755 following
589 2691 674 2741 shows
686 2692 744 2740 that
756 2692 801 2740 the
812 2693 948 2741 eridonoes
959 2693 989 2740 of
1002 2693 1062 2741 title
1072 2707 1141 2741 were
1152 2692 1287 2742 furnished
1297 2693 1333 2757 by

330 2769 478 2832 deposition
494 2785 527 2818 on
544 2769 733 2831 inspectiones
746 2769 832 2828 deeds,
844 2769 947 2819 instead
958 2770 988 2818 ol
1003 2770 1039 2833 by
1050 2770 1232 2821 transmission
1243 2771 1273 2820 ol
1288 2773 1333 2820 the

329 2849 448 2898 charters
456 2847 508 2912 =-]

376 2940 567 3006 Reverendis
582 2939 718 3005 dominis
732 2945 765 3006 et
779 2941 922 3024 patribus
937 2941 990 3006 W.
1007 2941 1113 3006 abbati
1129 2943 1167 3007 de
1182 2942 1334 3008 Cistercio

333 3059 365 3118 et
379 3053 499 3117 caeteris
514 3029 681 3116 abbatibus
703 3052 819 3116 ibidem
836 3052 871 3115 in
888 3051 1010 3136 Spiritu
1027 3054 1144 3117 Sancto
1159 3076 1332 3138 congrega-

333 3165 377 3228 tis
392 3165 446 3229 W.
462 3164 559 3228 abbas
580 3164 619 3228 de
642 3164 765 3227 (lumba
781 3170 813 3228 et
831 3164 883 3228 W.
900 3164 996 3228 abbas
1017 3164 1056 3229 de
1078 3164 1208 3229 Mirival
1231 3172 1263 3230 et
1279 3167 1332 3231 W.

333 3274 430 3339 abbas
447 3275 486 3339 de
506 3274 616 3339 Stanle
636 3275 770 3339 salutem
794 3280 827 3339 et
850 3297 904 3339 sue
926 3275 1117 3340 humilitatis
1138 3275 1333 3359 obsequium.

334 3385 387 3448 Ad
423 3385 624 3467 praeeavenda
658 3384 745 3448 varia
778 3384 917 3469 pericula
950 3408 1010 3469 que
1044 3385 1266 3450 itinerantibus
1301 3393 1334 3449 ct

334 3494 471 3558 maxime
501 3495 534 3557 in
560 3494 764 3576 navigatione
790 3502 923 3578 possunt
948 3494 1130 3579 contingere
1153 3495 1256 3560 visum
1286 3503 1335 3561 est

336 3607 380 3670 H.
397 3604 504 3669 abbati
526 3605 565 3667 de
587 3604 743 3668 Bildewas
767 3613 877 3669 nostra
901 3606 1010 3690 pocius
1034 3606 1216 3671 testimonia
1239 3630 1333 3691 quarn

334 3738 392 3781 sua
421 3715 510 3781 vobis
546 3714 762 3780 transmittere
793 3716 1005 3783 munimenta·
1020 3741 1114 3803 super
1143 3719 1335 3803 subjectione

333 3828 497 3893 domorum
513 3826 551 3890 de
566 3825 759 3910 Basingvers
774 3834 806 3891 et
821 3827 953 3891 Dublin.
997 3828 1065 3895 Nos
1080 3829 1186 3913 itaque
1201 3830 1336 3894 fraterne

333 3937 541 4024 postulacioni
564 3943 704 4001 nostrum
729 3936 913 4022 suffragium
936 3963 994 4024 pro
1016 3962 1107 4023 posse
1122 3939 1261 4004 volentes
1275 3939 1334 4003 im-

332 4049 466 4134 pendere
480 4055 645 4132 prenotata
655 4047 825 4133 diligenter
839 4049 1033 4133 inspeximus
1048 4056 1080 4115 et
1094 4050 1226 4115 eandem
1241 4073 1335 4135 quam

333 4161 376 4224 ibi
398 4160 535 4244 legimus
557 4160 690 4225 formam
712 4166 814 4225 vestre
834 4160 1015 4226 discretioni
1041 4162 1165 4246 plenius
1187 4162 1337 4226 adnotare

332 4268 521 4336 curavimus
567 4271 688 4335 Valete.

798 4382 806 4415 ¹
827 4382 878 4431 Sic.
