3000 4972
242 545 307 607 264
484 562 616 605 sisoim
637 561 983 608 mem-ussummcu.

247 738 385 821 [Mosxs
400 758 439 801 os
455 739 650 803 Bumnuwus
674 762 701 803 u.
721 740 803 803 Mus
826 760 866 804 ou
883 741 1025 804 Susum
1038 760 1079 804 ou
1096 740 1254 826 Sums.]¹

245 875 313 934 [The
329 873 417 935 king’s
433 875 494 922 wn't
512 874 634 938 orderiug
651 876 695 924 the
708 876 800 923 sheriff
806 875 858 924 und
869 876 965 925 builiffs
977 875 1007 924 οἰ
1015 876 1096 937 Sulop
1108 882 1137 925 to
1147 877 1256 940 uompsl

352 951 421 1000 their
431 967 491 1000 men
502 962 530 1000 to
542 958 643 1001 restore
655 954 700 1001 the
712 968 803 1001 nmuor
815 954 845 1003 os
854 954 881 1001 L.
894 960 922 1002 to
934 954 979 1002 the
990 952 1139 1019 pleintilfs]

249 1066 293 1129 ll.
324 1089 378 1130 rex
407 1066 535 1149 Angliae
559 1073 591 1130 et
613 1068 678 1130 dux
702 1067 908 1132 Normanuiae
940 1074 974 1132 et
1002 1066 1189 1152 Aquitaniae
1221 1076 1254 1134 et

246 1199 349 1240 eomes
369 1177 562 1260 Andegaviae
585 1177 764 1241 vicecomiti
780 1184 813 1242 et
827 1177 965 1243 baillivis
980 1177 1046 1242 suis
1061 1177 1100 1242 de
1120 1178 1253 1263 Salope-

247 1287 309 1350 sira
330 1288 474 1350 salutem.
506 1286 658 1369 Praeeipio
679 1287 768 1351 vobis
798 1288 881 1371 quod
904 1287 1076 1373 justicietis
1105 1289 1255 1354 homines

249 1398 303 1482 qui
334 1404 411 1461 sunt
441 1399 473 1461 in
504 1397 634 1462 bailliva
664 1404 779 1477 vestra,
810 1399 893 1482 quod
923 1399 983 1482 ipsi
1006 1400 1093 1482 juste
1122 1406 1156 1463 et
1185 1399 1256 1464 sine

254 1510 407 1573 dilatione
433 1507 567 1573 reddant
590 1509 752 1573 monachis
776 1509 814 1574 de
829 1509 986 1574 Bildewas
1002 1510 1256 1577 Lecheshumbre

250 1620 333 1704 quod
355 1619 509 1683 Ricardus
524 1619 687 1703 episcopus
702 1619 939 1685 coventriensis
954 1620 999 1684 eis
1012 1620 1101 1684 dedit
1116 1627 1150 1686 et
1164 1632 1256 1686 carta

250 1755 308 1794 sua
337 1730 536 1794 confirmavit
565 1731 647 1794 sieut
676 1731 802 1794 reddere
831 1731 975 1795 solebant
1004 1736 1144 1815 tempore
1170 1734 1259 1817 regis

254 1841 385 1905 Ileuriei
410 1841 461 1903 avi
477 1840 548 1905 mei.
593 1841 686 1905 Teste
704 1840 858 1906 Guufrido
877 1840 1095 1905 archidiacono
1110 1842 1257 1908 cantua-

251 1950 358 2015 riensi.
406 1950 503 2034 Apud
519 1950 658 2016 Liehesf.

626 2647 879 2715 CONCORDS.

291 2794 425 2877 [Puluis
447 2814 487 2857 ou
511 2794 713 2858 Mmusuos
735 2818 761 2858 e.
780 2796 893 2856 Auuos
912 2794 1060 2856 Hhumm
1108 2790 1245 2875 1158.]¹

255 2940 377 3001 Sumus
406 2945 572 3022 praesentes
601 2946 633 3003 et
664 2939 774 3017 futuri,
799 2937 882 3021 quod
909 2937 1030 3020 loquela
1058 2959 1126 3022 quae
1156 2934 1260 3001 hietat

255 3048 338 3112 inter
355 3049 559 3115 Humelinum
575 3050 720 3115 abbatem
744 3048 946 3114 Gloueestriae
966 3054 999 3112 et
1013 3047 1195 3131 Philippum
1220 3046 1259 3110 de

257 3159 460 3223 Mattesdone
490 3183 582 3244 super
607 3168 691 3226 terra
715 3161 753 3225 de
777 3159 949 3224 Burileude
973 3159 1134 3242 utriusque
1158 3156 1259 3239 partie

256 3290 382 3331 assensu
398 3269 489 3332 finita
505 3276 553 3334 est
568 3271 601 3333 iu
617 3272 700 3335 hune
715 3271 856 3348 modum,
871 3271 953 3354 quod
968 3268 1143 3352 Philippus,
1154 3290 1210 3351 pro
1226 3291 1260 3332 se

256 3387 289 3442 et
319 3379 383 3442 suis
412 3379 595 3458 haeredibus,
622 3381 729 3445 decem
755 3404 841 3445 uerus
871 3389 960 3446 terrae
990 3380 1022 3443 in
1054 3379 1176 3444 cultura
1190 3401 1260 3462 quae

257 3488 373 3551 dieitur
399 3489 621 3571 Wydebosme,
638 3498 669 3553 et
697 3492 775 3554 duas
802 3514 888 3556 acras
915 3490 997 3576 pruti
1014 3491 1046 3553 in
1075 3489 1259 3568 Suthmede,

256 3603 427 3680 totamque.
447 3597 569 3661 dimisit
605 3599 835 3683 inperpetuum,
867 3609 899 3666 et
935 3603 1074 3685 quietum
1112 3599 1261 3665 clamavit

257 3732 350 3794 quam
368 3708 514 3772 adversus
530 3708 690 3772 eeclesiam
708 3710 909 3774 Gloueestrioe
924 3712 1115 3775 calumniam
1131 3711 1169 3775 de
1191 3710 1261 3787 bau,

256 3830 289 3886 et
309 3823 347 3886 de
362 3821 431 3884 aliis
446 3820 682 3904 quibuscunque
704 3822 795 3885 rebus
817 3823 977 3887 habuerat.
1023 3822 1132 3887 Abbas
1154 3828 1261 3885 autem

257 3942 288 3997 et
313 3939 487 3996 cenventus
514 3931 665 4015 reliquam
691 3940 812 4015 purtem
840 3933 937 4016 ipsius
961 3938 1261 4016 te1·1·ae‚quumante

258 4043 423 4128 Philippus
439 4044 505 4106 sine
521 4041 659 4126 ipsorum
672 4043 866 4107 concessione
879 4051 1031 4121 tenuerat,
1043 4050 1262 4107 eoiiuesserunt

453 4217 459 4247 ¹
480 4218 494 4264 5
507 4217 677 4275 Monustimm,
690 4218 739 4265 353
752 4218 843 4277 usis).

447 4298 457 4327 ²
475 4296 490 4342 2
504 4295 678 4343 omousion.
692 4294 781 4343 Glouc.
795 4296 843 4342 180
855 4295 928 4357 (Rue.
942 4292 1035 4356 Com).
