3000 4972
257 524 296 586 lc
502 542 637 587 rnacrm
659 541 1008 587 suono-uonnsuruon.

254 695 304 759 vel
319 700 522 780 potestatem,
531 700 683 774 exerceat,
695 693 759 773 sed,
772 695 854 759 sicut
868 717 938 759 mea
955 694 1115 759 dominica
1128 695 1259 779 capella,

252 805 352 871 libera
366 806 410 870 sit
425 806 554 871 omnino
569 805 608 870 ab
624 804 712 869 omni
726 805 794 888 ejus
808 804 980 870 exactione.
1032 805 1085 869 Ad
1101 806 1258 890 synodum

253 938 328 982 vero
352 915 449 980 abbas
468 916 514 979 ire
536 937 600 980 non
624 913 856 978 summoniatur
876 936 934 978 nec
956 914 1174 999 compellatur,
1196 916 1259 979 nisi

252 1027 379 1113 propria
393 1026 558 1092 voluntate
579 1049 637 1111 pro
659 1025 763 1110 aliquo
785 1025 914 1109 negotio
936 1024 981 1089 ire
996 1025 1142 1092 voluerit.
1188 1027 1258 1091 Nec

252 1138 423 1203 monachos
443 1161 525 1219 suos,
548 1137 602 1202 ubi
625 1136 685 1202 sibi
707 1136 915 1221 opportunius
937 1135 1064 1216 viderit,
1083 1136 1124 1201 ad
1155 1160 1257 1202 sacros

252 1249 377 1314 ordines
403 1249 580 1334 promoveri
609 1248 710 1313 facere
739 1247 953 1332 prohibeatur.
1009 1247 1080 1312 Nec
1109 1247 1258 1312 altarium

251 1359 452 1438 sacrationes,
482 1358 745 1438 confirmationes,
775 1358 826 1423 vel
867 1357 1024 1443 quaslibet
1067 1358 1257 1443 episcopales

251 1470 494 1549 benedictiones,
520 1470 644 1536 abbatis
674 1470 725 1535 vel
755 1470 977 1535 monachorum
1012 1469 1213 1554 requisitione
1238 1492 1258 1534 a

250 1582 393 1667 quolibet
418 1583 562 1669 episcopo
576 1581 694 1648 ibidem
717 1581 815 1646 libere
837 1580 915 1660 fieri,
937 1581 976 1646 ab
1001 1581 1107 1666 aliquo
1132 1592 1256 1646 contra-

250 1692 383 1759 dicatur.
430 1694 501 1759 Hoc
517 1693 615 1759 etiam
642 1693 742 1778 regali
763 1692 961 1772 auctoritate,
975 1698 1009 1758 et
1030 1692 1255 1779 episcoporum,

249 1826 286 1870 ac
309 1806 463 1871 baronum
487 1828 629 1871 meorum
658 1805 874 1883 attestatione,
900 1804 1072 1884 constituo,
1101 1812 1255 1890 quatenus

249 1913 345 1978 abbas
371 1914 506 1980 ecclesiae
532 1937 604 1987 sua,
627 1920 661 1978 et
681 1913 782 1998 leugae
805 1913 1056 1997 circumjacentis
1078 1937 1134 1999 per
1148 1916 1254 1980 omnia

244 2022 344 2108 judex
377 2024 430 2104 sit,
454 2030 488 2089 et
520 2023 677 2090 dominus.
722 2023 882 2087 Defuncto
918 2023 1043 2103 abbate,
1073 2024 1111 2089 de
1144 2025 1252 2090 eadem

247 2133 386 2215 ecclesia,
410 2134 507 2200 abhas
528 2134 675 2219 eligatur,
696 2133 759 2198 nisi
779 2135 861 2199 forta
887 2133 983 2218 (quod
1006 2134 1100 2217 absit)
1134 2135 1252 2200 ibidem

247 2245 359 2311 idonea
372 2269 504 2331 persona
519 2245 646 2331 reperiri
661 2269 726 2310 non
742 2245 850 2330 possit.
880 2246 973 2309 Hanc
989 2243 1252 2311 constitutionem

247 2380 361 2437 meam,
377 2358 422 2422 sic
440 2362 515 2423 voto
531 2363 564 2423 et
579 2357 678 2442 regali
693 2356 882 2422 auctoritate
901 2355 1129 2436 confirmatam,
1145 2357 1252 2421 nullus

247 2491 460 2534 successorum
484 2491 624 2534 meorum
647 2467 774 2548 violare,
794 2466 845 2532 vel
860 2466 1047 2532 imminuere
1067 2474 1246 2551 praesumat.

247 2579 437 2664 Quicunque
451 2578 552 2664 igitur
560 2583 670 2644 contra
683 2578 845 2643 libertates
857 2576 906 2642 vel
921 2576 1095 2661 dignitates
1110 2578 1249 2662 ejusdem

245 2691 380 2756 ecclesiae
412 2690 530 2769 fecerit,
569 2690 773 2754 forisfactura
803 2687 899 2773 regia
928 2711 1047 2754 coronae
1077 2688 1248 2772 subjaccat.

247 2802 354 2887 Hujus
376 2801 420 2867 rei
443 2807 539 2867 testes
561 2806 647 2879 sunt,
665 2800 862 2865 Lanfrancus
884 2799 1134 2885 archiepiscopus
1165 2801 1249 2865 Can-

244 2914 422 2993 tuarionsis,
445 2913 621 2999 Stigandus
638 2912 841 2977 Cicestrensis
856 2911 1028 2996 episcopus,
1045 2910 1248 2977 Walkelinus

244 3025 405 3110 episeopus
428 3023 670 3103 Wintcniensis,
693 3023 882 3087 Wulstanus
905 3022 1138 3107 Wigorniensis
1165 3024 1247 3106 cpis-

244 3158 349 3220 copus.
393 3134 459 3200 Qui
484 3158 603 3214 omnes,
630 3156 680 3198 me
704 3139 867 3217 praesente,
893 3138 926 3197 et
952 3132 1110 3209 audiente,
1134 3133 1247 3196 horum

243 3250 470 3330 praeceptorum
489 3266 630 3308 meorum
653 3249 686 3307 et
707 3242 972 3307 constitutionum
988 3242 1154 3306 violatores
1176 3266 1246 3327 pcr-

242 3361 338 3442 petuo
352 3355 552 3420 anathemate
574 3346 813 3419 damnaverunt
856 3350 953 3435 Apud
969 3351 1114 3416 Winton.

241 3862 379 3944 [B1snor
394 3861 579 3928 Wunrsmu
597 3885 626 3928 o.
643 3864 757 3927 Annor
771 3860 929 3926 Wanrna.
975 3861 1090 3925 Anour
1112 3861 1241 3942 1077?]¹

243 4016 354 4083 [Bishop
371 4016 501 4065 Wulsstan
524 4017 615 4067 claime
637 4017 683 4066 the
704 4016 776 4078 right
798 4017 827 4064 to
848 4015 954 4064 various
976 4014 1090 4063 services
1113 4015 1143 4063 of
1162 4015 1255 4064 abbata

308 4095 412 4155 Walter,
424 4094 508 4144 which
521 4109 565 4143 are
581 4093 687 4144 refused
705 4093 741 4157 by
757 4092 818 4140 him.
852 4092 894 4139 An
912 4092 1043 4155 assembly
1060 4091 1089 4140 of
1099 4092 1243 4140 “coanties

463 4277 472 4311 ¹
492 4273 617 4335 'Phorpc’s
628 4273 696 4334 Dipl.
709 4272 766 4320 410.
800 4271 849 4319 Sco
861 4270 1007 4332 Appendix.
