3000 4972
669 579 777 624 rinnur
802 579 825 624 1.
1206 558 1244 621 77

245 738 279 796 ct
303 753 399 795 unam
423 730 531 820 hidam
555 730 588 795 in
617 731 784 814 Sandford,
797 738 830 797 et
852 730 983 796 alteram
1007 729 1042 793 in
1062 731 1247 810 Earnecote‚

246 843 285 906 de
308 843 403 907 feudo
426 842 546 907 scilicet
568 843 804 922 Abbendoniae3
837 843 891 908 scd
914 842 1037 907 nullum
1060 841 1247 924 homagium

246 953 297 1018 vel
312 953 478 1018 servitium
495 952 592 1039 longo
607 960 679 1038 post
694 961 834 1039 tempore
849 955 1005 1019 adventus
1020 953 1118 1038 ipsius
1134 953 1248 1018 Faritii

246 1063 370 1128 abbatis
394 1063 433 1127 ad
456 1064 699 1128 Abbcndoniam
725 1065 798 1130 inde
826 1065 961 1130 ecclcsiae
985 1067 1109 1129 fecerat.
1158 1064 1248 1129 Qua·

245 1180 373 1261 propter
401 1175 498 1239 abbas
526 1183 637 1241 contra
665 1175 770 1261 ipsum
806 1177 1068 1241 disratiocinando
1097 1182 1182 1261 eget,
1211 1182 1250 1241 ut

246 1293 280 1351 et
304 1285 439 1350 ecclesiae
464 1292 497 1350 et
527 1286 588 1350 sibi
617 1309 674 1371 pro
704 1287 765 1365 his,
794 1310 863 1372 quae
892 1286 1032 1366 tenebat,
1061 1286 1248 1370 homagium

247 1395 373 1477 faceret,
386 1402 420 1462 et
443 1397 501 1461 boc
526 1402 633 1462 tenore
655 1398 764 1462 eadem
779 1397 813 1462 in
828 1404 989 1483 posterum
1004 1404 1248 1481 recognosceret,

247 1507 367 1572 scilicet
390 1512 428 1571 ut
451 1508 485 1571 in
510 1507 598 1572 omni
621 1507 706 1591 regis
731 1508 825 1592 geldo
851 1509 921 1593 ipsa
939 1509 1070 1593 quietat,
1085 1514 1119 1573 et
1139 1506 1249 1573 abbati

246 1617 330 1681 sicut
352 1639 408 1681 suo
435 1617 564 1681 domino
589 1616 706 1702 ubique
736 1618 862 1683 serviat.
908 1618 949 1682 In
977 1617 1250 1683 vicecomitatibus

248 1728 445 1793 Bercbescire
485 1737 518 1792 et
558 1727 824 1805 Oxenefordscire,
856 1728 1113 1813 quandocumque
1153 1729 1250 1795 abbas

246 1861 320 1903 eum
348 1837 558 1918 mandaverit,
582 1839 623 1903 ad
652 1839 869 1903 auxiliandum
898 1838 960 1902 sibi
989 1844 1023 1903 et
1050 1839 1251 1904 serviendum

246 1954 375 2034 paratus
404 1949 505 2014 aderit
516 1975 526 2028 ς
560 1971 617 2014 nec
647 1948 846 2013 excusabitur
875 1949 915 2014 ab
946 1949 1081 2015 eeclesia
1110 1949 1252 2032 servitio,

246 2060 310 2125 nisi
334 2059 419 2144 regis
444 2083 516 2125 eum
539 2059 710 2124 detinuerit
725 2060 873 2126 executio.
920 2061 1013 2127 Quod
1029 2061 1056 2125 si
1071 2061 1118 2127 ita
1131 2061 1249 2127 consti·

247 2170 334 2251 terit,
358 2193 416 2254 pro
439 2193 472 2235 se
495 2170 533 2235 de
558 2169 739 2234 melioribus
762 2170 829 2235 suis
852 2172 1036 2236 bominibus
1065 2171 1099 2235 in
1125 2171 1250 2237 abbatis

245 2281 432 2366 obsequium
446 2281 655 2346 transmittet.
700 2282 742 2345 In
757 2282 845 2346 curia
859 2283 957 2347 etiam
980 2282 1065 2366 regis
1088 2281 1115 2346 si
1141 2282 1251 2347 abbati

247 2393 403 2477 placitum
440 2392 568 2477 aliquod
603 2392 685 2457 forte
721 2392 904 2459 habendum
940 2393 1122 2478 eontigerit,
1150 2392 1251 2477 ipsius

247 2504 374 2568 abbatis
388 2504 472 2589 parti
488 2504 573 2568 idem
588 2503 699 2582 aderit,
711 2503 773 2568 nisi
788 2510 898 2568 contra
913 2526 1018 2588 regem
1033 2503 1251 2587 placitandum

247 2614 328 2679 forte
352 2613 457 2679 fuerit.
502 2613 556 2679 Ad
581 2614 711 2679 candem
737 2615 856 2679 curiam
882 2613 1022 2680 venienti
1048 2615 1156 2679 abbati
1178 2637 1250 2700 pro·

246 2724 371 2789 curabit
385 2725 580 2810 hospitium
604 2731 637 2790 et
656 2725 683 2789 si
702 2731 813 2809 aptum
832 2725 880 2789 illi
894 2747 959 2790 non
974 2724 1141 2804 invenerit,
1155 2747 1251 2789 suum

245 2834 407 2919 proprium
423 2836 512 2901 cedet
526 2835 625 2922 ipsius
640 2835 806 2920 respectui.

591 3555 698 3636 [Sanc
720 3556 901 3638 PanumP

245 3701 314 3768 [The
325 3703 441 3767 plnintiff
448 3718 565 3754 recovers
576 3719 593 3753 a
603 3705 689 3767 pnroel
701 3704 731 3754 of
744 3705 807 3754 land
817 3705 846 3753 in
856 3703 962 3762 otford,
979 3718 1049 3766 upon
1060 3703 1105 3752 the
1121 3701 1247 3765 premisse

481 3783 510 3831 in
521 3784 648 3845 question,
660 3783 747 3832 before
757 3798 836 3847 many
847 3779 1006 3846 wimares]

243 3910 362 3974 ΕουΕΜ
395 3933 502 3976 mense
523 3934 585 3998 quo
611 3916 644 3976 et
669 3911 730 3975 istc
765 3909 920 3975 ventilata
942 3915 991 3974 est
1020 3931 1124 3989 causa,
1149 3907 1246 3972 abbas

242 4028 352 4085 contra
376 4023 510 4087 eundem
533 4023 700 4109 Nigellum
727 4022 765 4087 de
779 4021 856 4087 Oilli
885 4018 1133 4085 disratiocinavit
1148 4040 1246 4103 quan·

241 4130 314 4195 dam
345 4137 435 4197 terrae
464 4132 701 4218 'portiunculam
730 4131 814 4196 infra
843 4129 1046 4196 Oxencfordae
1082 4127 1247 4192 civitatem

498 4312 1051 4381 ania.nonasrngcraa(n00.com.).
