3000 4972
245 568 308 630 214·
492 583 624 629 amorra
648 583 998 629 nuceo-uenummcn.

245 738 421 802 Robertum
444 735 591 799 comitem
607 734 794 813 Leicestriae‚
810 742 842 799 et
869 735 1085 820 Reginaldum
1105 736 1253 800 comitem

244 846 411 912 Cornubiae
437 847 477 910 ad
504 846 674 910 videndum
700 845 920 929 aegritudinem
947 845 1040 909 illius.
1087 846 1151 912 Qui
1181 870 1253 910 cum

244 959 414 1036 venissent,
431 958 620 1022 invenerunt
644 957 734 1020 illum
755 958 788 1021 in
803 958 884 1022 lecte
895 960 1055 1045 jacentem
1081 958 1253 1039 infirmum,

244 1075 276 1133 et
298 1071 338 1134 ad
362 1070 548 1154 petitionem
572 1069 658 1134 illius
682 1069 835 1135 dederunt
860 1069 889 1133 ei
914 1076 1089 1154 respect-um
1106 1069 1253 1135 veniendi

244 1182 284 1246 ad
299 1181 417 1246 curiam
442 1204 540 1265 usque
567 1203 668 1245 mane.
714 1181 834 1246 Eodem
851 1180 901 1246 die
925 1181 1046 1245 dictum
1069 1187 1137 1245 erat
1163 1181 1191 1244 ei
1219 1187 1253 1246 et

244 1291 430 1355 nunciatum
447 1290 690 1355 afamiliaribus
706 1291 800 1373 regis,
817 1291 900 1374 qnod
924 1292 951 1354 si
978 1290 1043 1376 ipse
1070 1291 1109 1354 ad
1134 1292 1253 1355 curiam

244 1402 328 1485 regis
345 1402 493 1481 venisset,
509 1391 558 1466 uel
574 1401 813 1479 interficeretur,
830 1400 879 1465 vel
904 1400 937 1463 in
965 1423 1117 1466 carcerem
1142 1401 1251 1464 mitte·

244 1519 341 1578 retur.
382 1565 388 1579 .
431 1564 437 1578 .
479 1564 486 1578 .

279 1673 346 1740 [The
373 1676 529 1738 archbisbop
548 1677 689 1725 celebrates
708 1690 785 1732 maes,
798 1674 849 1722 and
862 1675 923 1722 then
934 1690 996 1736 goes
1007 1680 1036 1724 to
1052 1680 1133 1736 court,
1146 1677 1253 1740 bearing

245 1754 286 1803 his
303 1756 411 1804 oruoifix
429 1755 517 1803 before
536 1755 598 1802 him.
632 1754 686 1802 The
698 1753 804 1814 bishops
815 1757 859 1815 try
871 1753 897 1800 in
914 1754 975 1800 vain
993 1758 1022 1801 to
1039 1755 1132 1803 induce
1152 1755 1205 1802 him
1225 1760 1253 1803 to

244 1836 287 1899 lay
299 1837 321 1885 it
332 1839 416 1886 down.
450 1837 491 1884 He
509 1836 647 1884 meditatas
666 1849 766 1896 escape,
779 1835 870 1896 saying
888 1835 947 1883 that
966 1836 999 1884 he
1021 1836 1072 1884 bad
1089 1837 1212 1899 appealed
1224 1842 1253 1884 to

244 1919 289 1967 the
305 1934 378 1982 pope,
391 1918 443 1967 and
460 1918 523 1966 calls
541 1934 611 1979 upon
631 1918 675 1964 tho
695 1917 802 1976 bishops
820 1920 848 1962 te
866 1917 952 1965 notice
970 1918 1007 1977 it5
1025 1919 1073 1965 bnt
1090 1919 1122 1966 he
1133 1919 1195 1966 does
1206 1924 1252 1965 not

245 1999 327 2049 leave.
362 2001 417 2048 The
427 2015 487 2048 case
498 2015 556 2047 now
569 1999 691 2060 proceeds
703 2013 732 2046 as
745 1998 843 2049 follows
853 1997 905 2061 :-]

288 2172 375 2236 Tunc
391 2195 498 2236 omnes
514 2173 649 2257 episcopi
665 2174 873 2237 laudaverunt
886 2173 924 2250 ei,
936 2179 972 2236 ut
981 2172 1047 2256 ipse
1058 2171 1252 2236 satisfaciens

245 2281 403 2347 voluntati
430 2282 522 2367 regis,
552 2284 690 2348 redderet
715 2284 744 2348 ei
771 2282 1068 2368 archiepiscopatum
1093 2305 1185 2345 snum
1216 2283 1250 2344 in

244 2393 452 2457 misericordia
487 2393 581 2472 illius,
614 2394 669 2457 sed
698 2395 944 2480 archiepiscopus
974 2393 1075 2459 noluit
1103 2394 1147 2458 eis
1178 2394 1250 2458 inde

245 2505 377 2570 credere.
421 2506 509 2569 'lianc
525 2506 688 2570 mandavit
703 2507 731 2570 ei
749 2531 802 2572 rex
817 2531 871 2592 per
892 2506 1010 2571 milites
1028 2528 1109 2585 anea,
1123 2511 1161 2569 ut
1184 2506 1250 2569 sine

243 2616 394 2682 dilatione
409 2615 540 2696 veniret,
555 2621 588 2681 et
602 2616 742 2683 redderet
757 2619 785 2683 ei
797 2618 969 2702 plenariam
983 2616 1251 2700 computationem

245 2728 282 2793 de
298 2728 444 2792 omnibus
461 2728 603 2813 receptio,
618 2751 686 2812 quae
709 2734 867 2813 receperat
891 2728 929 2791 de
953 2726 1126 2791 redditibus
1150 2727 1249 2810 regni,

244 2840 393 2924 quamdiu
410 2840 610 2904 cancellarius
625 2841 694 2923 ejus
709 2840 792 2918 fuit;
815 2846 847 2904 et
863 2838 1051 2903 nominatim
1067 2840 1105 2903 de
1117 2838 1251 2919 triginta

244 2950 385 3015 millibus
396 2951 549 3014 librarum
558 2950 693 3035 argenti.
733 2950 857 3016 Quibus
868 2948 1115 3034 archiepiscopus
1126 2973 1250 3033 respon·

244 3061 312 3125 dit:
337 3062 526 3126 “Dominus
541 3085 628 3126 meus
644 3084 698 3125 rex
714 3061 784 3140 scit,
800 3060 882 3144 quod
893 3083 952 3145 ego
965 3060 1076 3145 saepius
1093 3061 1122 3124 ei
1131 3060 1251 3124 reddidi

243 3172 510 3255 computationem
529 3172 568 3236 de
579 3173 726 3236 omnibus
737 3173 787 3236 his
800 3195 868 3256 quae
878 3172 943 3256 ipse
953 3172 1046 3236 modo
1061 3195 1080 3235 a
1094 3194 1144 3235 me
1158 3171 1249 3256 petit,

143 3340 145 3343 ,
243 3288 412 3367 antequam
422 3282 537 3348 electus
547 3284 677 3347 fuissem
687 3283 726 3348 ad
736 3284 1033 3368 archiepiscopatum
1044 3282 1249 3346 Cantuarien-

243 3415 318 3456 sem.
354 3394 398 3455 Et
413 3392 446 3454 in
463 3392 612 3457 electione
624 3416 692 3458 mea
709 3394 864 3458 Henricus
876 3393 958 3457 filius
969 3395 1046 3478 ejus,
1057 3393 1107 3457 eui
1116 3415 1250 3477 regnum

243 3503 423 3588 adjurat-um
440 3503 512 3582 luit,
527 3511 560 3568 et
575 3527 683 3568 omnes
697 3505 830 3570 barones
841 3504 995 3584 scaccarii,
1006 3511 1038 3568 et
1050 3504 1203 3568 Ricardus
1212 3505 1250 3568 de

243 3613 322 3677 Luci
332 3613 524 3697 justitiarius
534 3615 670 3699 Angliae,
680 3616 896 3681 clamaverunt
911 3640 962 3681 me
977 3616 1131 3700 quietum,
1142 3616 1209 3679 Deo
1218 3621 1251 3678 et

243 3729 359 3788 sancta
369 3726 514 3806 eeclesia,
531 3727 569 3790 de
584 3726 729 3789 omnibus
747 3728 877 3812 receptis
904 3734 937 3793 et
952 3725 1251 3812 computationibus,

242 3843 275 3901 et
284 3836 324 3899 ab
336 3838 422 3901 omni
434 3837 572 3901 saeculari
584 3837 746 3901 exactione
761 3861 798 3901 ex
814 3845 902 3922 parte
912 3839 1032 3903 domini
1043 3837 1126 3922 regis
1136 3863 1145 3915 ;
1165 3836 1251 3900 etsie

243 3947 370 4012 liberet
385 3948 545 4012 absolutus
560 3947 678 4012 electus
694 3949 740 4012 fui
756 3949 795 4012 ad
811 3950 905 4036 hujus
931 3950 1025 4014 officii
1048 3947 1248 4013 administra·

243 4059 381 4138 tioncm;
406 4066 438 4124 et
454 4060 522 4124 ideo
534 4059 671 4143 amplius
683 4061 755 4124 nolo
765 4061 838 4125 inde
848 4060 1029 4146 placitare.”
1074 4058 1168 4124 Quod
1179 4081 1251 4121 cum

244 4172 313 4254 regi
337 4179 501 4248 constaret,
528 4171 611 4235 dixit
635 4172 803 4236 baronibus
829 4173 903 4252 suis,
924 4179 944 4208 “
955 4172 1027 4236 Gite
1052 4170 1145 4234 facite
1172 4169 1250 4232 mihi

240 4283 395 4365 judicium
418 4284 457 4348 de
482 4283 547 4364 illo,
563 4284 617 4368 qui
643 4283 736 4350 homo
761 4308 847 4350 meus
862 4284 957 4368 ligius
973 4288 1029 4357 est,
1046 4289 1078 4348 et
1093 4292 1175 4347 stare
1185 4281 1250 4365 juri
