3000 4972
314 507 377 569 192
562 527 695 571 rnrcrm
717 527 1064 575 rucco-uouuruurcr.

296 669 410 742 ¹terras
432 677 510 742 istas
536 677 734 760 Otintonam,
764 681 894 759 Lecche,
922 687 954 746 et
980 683 1137 763 Stanedis,
1163 685 1314 750 continue

310 794 462 873 tanquam
471 790 613 874 proprias
622 790 768 855 tenuisse.
814 791 1033 857 Nihilominus
1048 795 1145 858 etiam
1157 804 1313 881 quantum

309 904 343 963 et
356 905 483 983 patrum
498 901 624 984 scriptis
639 906 672 965 ct
687 902 855 966 comndem
871 904 1050 968 narratione
1062 905 1181 970 firmari
1196 912 1311 991 potest,

309 1009 526 1074 indubitanter
548 1011 665 1095 agnovi
681 1012 764 1095 quod
787 1013 909 1076 casdem
931 1015 1093 1079 retroactis
1115 1017 1311 1100 temporibus

308 1141 347 1183 ex
365 1120 496 1205 antiqua
511 1121 702 1185 Merciorum
726 1123 904 1207 principum
920 1124 1089 1189 donatione
1104 1126 1309 1210 possederint.

310 1231 387 1295 Haec
413 1231 519 1316 itaque
543 1232 623 1297 vcra
639 1232 740 1298 sciens
769 1256 835 1298 esse
864 1240 1016 1320 tanquam
1047 1259 1119 1302 vera
1148 1238 1307 1303 testificor.

307 1341 422 1407 Valeat
436 1348 540 1407 vestra
554 1343 734 1428 paternitas,
749 1345 819 1408 ctc.¹

351 1540 440 1604 Patri
456 1564 511 1606 suo
527 1547 559 1605 et
573 1541 701 1606 domino
720 1543 850 1606 Summo
868 1543 1014 1608 Pontifici
1037 1545 1195 1627 Eugenio,
1211 1546 1308 1610 frater

306 1651 443 1715 Thomas
465 1652 503 1715 de
526 1652 670 1717 Peresore
694 1653 800 1717 dictus
822 1653 929 1732 abbas,
952 1659 984 1718 et
1007 1654 1141 1718 fratrum
1167 1656 1306 1740 ejusdem

305 1761 438 1825 ecclesiae
460 1769 634 1826 conventus
656 1762 795 1841 humilis,
812 1763 1026 1827 voluntarium
1050 1763 1153 1849 siquid
1174 1773 1307 1850 possunt

304 1873 417 1937 humili
433 1873 598 1938 devotione
613 1873 788 1937 scrvitium.
835 1874 883 1938 Dc
899 1874 1026 1958 quercla
1041 1898 1136 1959 quam
1158 1877 1305 1944 adversus

304 1986 463 2050 ecclesiam
480 1985 685 2049 Gloucestriae
701 1985 802 2050 movit
817 1986 1066 2071 archiepiscopus
1085 1989 1303 2072 Eboraccnsis,

302 2102 370 2161 tam
388 2095 576 2179 scriptorum
599 2095 741 2174 veritate,
759 2118 854 2179 quam
876 2096 937 2160 fide
959 2096 1060 2180 digna
1081 2098 1241 2181 relatione,
1257 2101 1303 2166 ita

303 2229 360 2271 nos
393 2205 652 2289 praedecessorum
687 2210 866 2269 nostrorum
903 2207 1091 2273 certificavit
1120 2211 1302 2292 auctoritas,

301 2318 384 2403 quod
420 2317 621 2401 aliquatenus
651 2315 795 2380 dubitare
831 2339 895 2380 non
924 2341 1090 2400 possumus
1119 2322 1300 2404 praedictam

301 2429 463 2497 ecclesiam
484 2427 689 2492 nihilomiuus
707 2428 788 2511 juris
802 2429 916 2493 habere
931 2428 966 2492 in
982 2430 1073 2494 terris
1087 2454 1166 2515 quas
1181 2432 1300 2497 calum·

300 2542 407 2607 niatur
420 2539 568 2605 dominus
585 2538 801 2619 Eboraccnsis,
823 2540 968 2605 videlicet
989 2540 1122 2621 Lccchc,
1144 2543 1301 2623 Stanedis,

299 2660 333 2719 et
356 2653 522 2732 Otintonc,
547 2674 642 2737 quam
668 2651 780 2716 inhiis
800 2651 972 2736 dequibus
997 2660 1122 2717 constat
1142 2655 1223 2738 quod
1249 2677 1301 2720 eas

298 2766 449 2831 continue
473 2763 618 2848 aprima
643 2762 691 2826 sui
718 2762 904 2826 fundatione
933 2763 1083 2828 terruerit.
1128 2765 1215 2828 Nam
1240 2766 1298 2830 sub

298 2899 372 2962 rege
401 2875 592 2942 Marciorum
624 2873 790 2952 Adelrcdo,
827 2874 961 2938 emensis
990 2873 1063 2939 inde
1095 2875 1164 2957 jam
1201 2875 1298 2959 quad-

298 2988 463 3071 ringentis,
480 2993 513 3053 ct
532 3010 567 3052 co
583 2985 720 3069 amplius
735 2984 827 3049 annis
842 3007 861 3047 a
879 2984 1049 3070 subregulo
1067 2985 1298 3050 Hunctiorum¹

298 3098 407 3162 Osrico
428 3098 484 3182 qui
506 3118 640 3180 regnum
663 3102 770 3179 postea
792 3095 1123 3160 Nordanhimbrorum
1145 3095 1297 3177 obtinuit,

236 3209 238 3213 ’
295 3209 329 3272 in
344 3208 534 3291 quibusdam
548 3229 656 3271 earum
674 3206 816 3284 fundata,
831 3205 1021 3290 quibusdam
1037 3230 1111 3271 vcro
1127 3208 1297 3291 aquodam

297 3318 471 3382 AElmundo
483 3317 667 3399 ingeldinc,⁸
681 3322 714 3380 et
729 3338 803 3400 rege
817 3316 927 3379 itidem
941 3316 1133 3381 Merciorum
1146 3318 1298 3384 Bemulfo

295 3428 496 3513 postmodum
508 3427 668 3512 ampliata,
686 3426 772 3490 omni
788 3425 883 3489 etiam
894 3433 987 3491 aetate
998 3433 1106 3492 nostra
1116 3426 1161 3491 sic
1173 3429 1296 3492 easdem

293 3537 442 3602 continue
468 3536 615 3621 possedit,
646 3536 728 3620 quod
759 3556 923 3618 nunquam
952 3536 997 3599 cis
1026 3537 1066 3600 ad
1097 3544 1296 3603 momentum

293 3647 448 3712 destituta
469 3647 552 3710 fuit.⁴
598 3645 707 3709 Habet
733 3644 914 3729 hujusmodi
939 3645 1146 3712 Gloucestriae
1168 3649 1296 3715 ecclesia

291 3758 427 3824 rationes
442 3757 556 3841 quibus
570 3756 789 3840 praedictarum
805 3771 959 3819 terrarum
976 3762 1043 3820 tam
1067 3758 1294 3841 possessionem

291 3892 386 3956 quam
400 3867 560 3951 integrum
576 3866 637 3931 sibi
655 3867 709 3951 jus
732 3889 824 3930 suum
848 3867 1022 3931 conservari
1043 3891 1133 3953 posse
1154 3871 1293 3949 conlidit,

290 3981 317 4047 si
342 3980 370 4046 ei
392 3978 587 4045 solummodo
612 3976 779 4061 patrocinii
803 3983 907 4042 vestra
930 3977 1035 4063 gratia
1060 4002 1123 4043 non
1149 3979 1293 4060 defuerit,

323 4113 330 4144 ¹
350 4112 401 4161 Sia.
518 4109 530 4144 ²
546 4109 709 4158 Wicciornm.
832 4108 844 4142 ⁸
861 4109 992 4173 Probably
1004 4110 1044 4160 sor
1056 4112 1104 4159 “in
1116 4112 1261 4175 geldiuge.”

321 4190 332 4222 ⁴
349 4190 402 4237 Tha
421 4188 552 4252 litigation
570 4191 651 4250 temp.
662 4187 776 4237 william
794 4186 816 4234 Ι.
834 4186 920 4236 shows
939 4187 999 4236 thot
1019 4187 1137 4238 thiswas
1156 4192 1203 4237 not
1223 4192 1291 4238 true.

287 4268 360 4325 Ante,
373 4281 398 4328 p.
411 4267 450 4315 29.
