3000 4972
311 588 373 648 242
559 599 689 645 rnnerrn
713 589 1072 638 suono-sonnennrca.

314 780 501 864 Margaritae
517 780 651 863 virginis
668 796 790 839 mecum
805 771 880 834 inde
893 769 1071 833 locuturus.
1112 769 1222 835 'Peste
1235 770 1379 835 eodem

316 891 398 975 apud
415 888 744 953 westmonasterium.

361 1000 524 1084 Suppriori
541 1022 662 1085 qnoque
679 1006 710 1059 et
725 990 893 1056 conventui
904 989 1032 1072 scripsit
1047 989 1105 1052 sic.

365 1109 546 1174 Randulfus
561 1109 599 1171 de
616 1101 778 1170 Glanvillu
790 1098 946 1182 suppriori
961 1104 994 1162 et
1009 1100 1198 1163 conventui
1210 1102 1374 1166 ecelesiae

326 1219 447 1285 Christi
480 1217 661 1284 Cantuariae
697 1210 841 1276 salutem.
887 1207 1041 1291 Praecipio
1065 1208 1166 1273 vobis
1191 1235 1239 1276 ex
1268 1223 1374 1298 parte

323 1330 444 1396 domini
481 1330 565 1414 regis
595 1350 634 1391 ne
664 1324 767 1407 aliquo
802 1320 895 1382 modo
925 1318 1064 1382 utamini
1091 1330 1218 1385 contra
1253 1322 1374 1388 domi·

325 1465 401 1506 num
421 1440 680 1504 Cantuariensem
700 1430 964 1513 archiepiscopum
987 1429 1095 1513 aliqua
1111 1433 1376 1516 perquisitione

325 1573 420 1636 quam
446 1557 557 1613 contra
581 1569 651 1611 oum
677 1539 841 1628 quaesistis,
867 1540 964 1602 donec
991 1539 1065 1601 inde
1090 1563 1231 1607 mecum
1258 1546 1374 1612 locuti

327 1661 458 1725 fueritis.
505 1660 551 1723 Et
574 1667 610 1722 tn
634 1653 778 1739 supprior
804 1650 921 1732 absque
945 1649 1107 1712 occasione
1134 1659 1171 1715 et
1193 1653 1376 1723 dilatione

327 1772 370 1833 sis
397 1770 569 1833 Londoniis
593 1769 626 1830 in
652 1767 730 1829 festo
759 1760 867 1823 Sancti
885 1760 996 1822 Jacobi
1011 1782 1085 1823 cum
1109 1764 1260 1827 consilio
1284 1792 1373 1832 eon-

328 1884 441 1942 ventus
477 1879 537 1954 tui,
573 1877 735 1940 auditurus
765 1878 798 1933 et
831 1871 972 1933 facturus
1008 1871 1093 1952 quod
1129 1873 1196 1935 tibi
1229 1877 1377 1944 dicetur

329 2011 367 2050 ex
396 1993 485 2069 parte
522 1986 642 2048 domini
678 1984 771 2065 regis,
808 1987 840 2043 et
882 1980 926 2042 ibi
963 1989 1040 2044 tunc
1077 1988 1191 2046 tecum
1238 1986 1376 2055 habeas

329 2095 569 2180 perquisitiones
605 2117 673 2177 quac
707 2089 883 2175 perquisita
921 2098 996 2153 sunt
1029 2099 1143 2153 contra
1177 2095 1375 2164 dominum

262 2253 266 2262 .
331 2202 590 2267 Cantuarienscm
620 2200 896 2283 arehiepiscopum.
954 2200 1047 2263 'Peste
1086 2201 1283 2271 Willielmo
1327 2212 1375 2277 de

332 2310 495 2376 Glanvilla
524 2334 579 2394 per
605 2316 792 2394 praeceptum
815 2308 936 2371 domini
958 2310 1041 2393 rogis
1068 2309 1107 2373 de
1134 2313 1229 2377 ultra
1257 2341 1373 2388 mare,

332 2426 392 2488 Per
407 2423 511 2504 ipsum
528 2421 748 2485 Willielmum.

378 2532 440 2595 His
454 2532 572 2595 auditis
587 2532 693 2594 mirati
710 2537 786 2594 sunt
800 2530 948 2595 universi.
981 2533 1062 2593 Cum
1079 2537 1190 2597 autem
1201 2543 1376 2625 supprior

334 2665 477 2728 corporea
506 2644 654 2707 detentus
683 2642 867 2705 infirmitate
904 2642 1100 2706 Londoninm
1131 2646 1251 2713 venire
1294 2675 1373 2719 non

334 2757 461 2831 valeret,
481 2753 569 2815 missi
596 2760 672 2816 sunt
698 2753 737 2815 ad
764 2751 960 2815 Randulfum
988 2754 1134 2816 monachi
1162 2756 1231 2821 duo
1259 2772 1373 2832 aetate

336 2864 483 2951 provecti,
507 2842 561 2948 qui
583 2887 623 2927 ex
654 2870 743 2947 parte
765 2870 939 2926 conventus
962 2862 1134 2947 supprioris
1165 2866 1370 2940 absentiam

336 2980 531 3052 excusarent,
557 2981 590 3037 et
616 2981 755 3038 tenorem
782 2972 861 3056 regii
888 2974 1032 3038 audirent
1057 2974 1217 3041 mandati.
1269 2984 1369 3052 Cum

338 3091 444 3150 autem
458 3083 623 3165 prefectus
639 3083 766 3165 Angliae
777 3083 955 3146 Randulfus
966 3085 1004 3148 de
1013 3084 1186 3167 supprioris
1201 3089 1368 3163 absentia

338 3198 527 3268 causaretur,
545 3191 652 3254 dicens
674 3192 848 3275 simplicius
870 3216 963 3276 quam
990 3195 1114 3258 deceret
1135 3217 1204 3259 rem
1228 3200 1367 3272 factam

339 3302 444 3376 fuisse,
471 3300 656 3380 subjunxit;
684 3302 822 3366 Domino
843 3310 951 3367 nostro
974 3305 1043 3388 regi
1065 3305 1271 3374 insinuatum
1293 3327 1365 3397 est,

340 3408 423 3494 quod
438 3428 493 3469 vos
508 3407 631 3470 habetis
646 3411 796 3491 quasdam
811 3413 1050 3496 perquisitiones
1065 3414 1103 3477 de
1116 3415 1220 3481 Roma
1238 3432 1364 3494 contra

340 3539 411 3584 eum
427 3521 459 3578 ot
475 3537 606 3597 regnum
623 3517 720 3599 ipsius
735 3521 848 3601 quibus
859 3524 932 3603 jura
946 3525 1144 3608 regnivultis
1159 3527 1364 3617 diminuere,

341 3634 375 3691 et
389 3623 486 3708 ipsius
500 3628 618 3686 statum
633 3638 836 3692 commutare.
882 3632 1017 3716 Ideoque
1034 3636 1182 3718 praecepit
1200 3638 1363 3713 dominus

342 3760 406 3814 rex,
422 3741 454 3799 et
469 3755 525 3796 nos
536 3755 574 3795 cx
588 3740 677 3816 parte
692 3735 1008 3825 ipsiusinjungimus,
1020 3767 1060 3809 ne
1069 3746 1362 3830 perquisitionibus

344 3849 407 3913 iilis
422 3843 557 3910 utamini
571 3851 740 3929 antequam
755 3847 828 3914 inde
843 3874 916 3916 eum
932 3855 999 3938 ipso
1014 3856 1142 3921 domino
1160 3881 1236 3942 rege
1253 3862 1360 3934 locuti

344 3957 477 4023 fueritis.
523 3954 618 4017 Unde
633 3956 777 4040 praecipio
793 3967 830 4023 nt
845 3961 928 4027 infra
942 3966 1018 4030 XV.
1034 3967 1100 4030 dies
1123 3967 1163 4030 ad
1182 3969 1359 4043 dominum

346 4092 452 4153 regem
467 4088 539 4132 cum
554 4066 665 4130 vestris
686 4068 861 4153 privilegiis
884 4076 1052 4139 monachos
1067 4076 1216 4157 mittatis,
1233 4089 1271 4146 ut
1286 4088 1360 4170 ejus

346 4179 474 4243 arbitrio
489 4176 538 4243 vel
552 4177 764 4260 approbentur
780 4182 827 4245 vel
844 4186 972 4266 penitus
987 4186 1189 4270 proiciantur.
1238 4195 1357 4263 Senes.

343 4291 438 4353 callos
463 4313 534 4354 vero
556 4286 626 4351 illos
649 4297 681 4352 et
703 4294 872 4358 monachos
895 4319 972 4378 quos
995 4298 1086 4361 torris
1110 4302 1224 4364 vestris
1239 4314 1358 4387 prater
