3000 4972
660 578 802 624 urrisun
825 581 847 624 1.
1214 564 1254 625 35

253 755 347 819 Hanc
372 755 458 820 enim
484 754 654 821 vicecomes
677 756 763 840 regis
789 778 855 821 esse
882 762 997 820 terram
1024 757 1167 836 dicebat3
1198 758 1253 823 sed

249 865 412 950 episcopus
426 867 558 933 eandem
575 866 685 931 Sancti
701 867 835 932 Andreae
855 868 960 952 potius
980 891 1047 934 esse
1061 870 1252 935 affirmabat.

251 976 356 1042 Quare
365 983 439 1042 ante
450 999 557 1061 regem
569 984 736 1044 venerunt.
759 979 829 1043 Rex
842 1002 914 1044 vero
925 980 1082 1064 praecepit,
1094 987 1132 1044 ut
1141 1004 1249 1047 omues

249 1085 335 1150 illius
346 1087 515 1152 comitatus
526 1088 669 1154 homiues
680 1096 949 1174 congregarentur
952 1116 962 1167 ;
974 1097 1007 1154 et
1016 1114 1123 1155 eorum
1130 1090 1250 1175 judicio

251 1198 340 1281 cujus
351 1203 437 1263 terre
444 1199 571 1265 deberet
582 1201 698 1266 rectius
710 1202 905 1284 probaretur.
929 1201 983 1265 Illi
995 1208 1101 1266 autem
1116 1225 1247 1287 congre·

248 1308 317 1392 gati
332 1315 449 1373 terram
468 1309 557 1373 illam
578 1311 661 1401 regis
677 1333 742 1374 esse
757 1311 863 1394 potius
885 1334 982 1395 quam
1004 1311 1091 1376 beati
1112 1313 1248 1376 Andreae

249 1419 363 1484 timore
378 1419 571 1485 vicecomitis
593 1422 841 1486 affirmaverunt.
887 1422 949 1485 Sed
971 1445 1045 1486 cum
1068 1423 1130 1486 illis
1153 1424 1247 1487 Baio-

249 1530 350 1593 censis
365 1530 537 1616 episcopus,
553 1530 608 1615 qui
628 1531 743 1615 placito
765 1536 907 1615 praerat,
920 1554 985 1596 non
1000 1532 1078 1597 bene
1093 1533 1248 1611 crederct;

248 1641 395 1726 praecepit
423 1648 462 1706 ut
491 1642 519 1705 si
544 1664 654 1706 verum
680 1665 745 1706 esse
771 1642 854 1726 quod
884 1642 1031 1707 dicebant
1060 1644 1187 1722 scirent,
1211 1667 1250 1708 ex

247 1752 357 1835 seipsis
386 1753 552 1819 duodecim
581 1754 745 1838 eligerent,
771 1753 825 1838 qui
855 1754 938 1839 quod
964 1777 1072 1819 omnes
1102 1755 1248 1819 dixerant

204 1860 211 1874 '
243 1862 447 1946 jurejurando
462 1865 693 1930 confirmarent.
740 1865 794 1928 Illi
812 1871 918 1928 autem
936 1888 1008 1929 eum
1025 1865 1065 1929 ad
1081 1866 1247 1930 consilium

246 1974 455 2055 secessissent,
469 1982 502 2040 et
523 1976 603 2039 inibi
619 1999 638 2040 a
652 1976 837 2040 vicecomite
852 1999 908 2060 per
921 1976 1155 2040 internuntium
1172 1999 1246 2040 con-

246 2084 349 2148 territi
372 2085 524 2164 suissent3
556 2091 747 2150 revertentes
769 2108 879 2149 verum
904 2109 970 2149 esse
996 2086 1079 2170 quod
1105 2086 1250 2151 dixerant

242 2195 442 2278 juraverunt.
489 2197 535 2260 Hi
550 2202 657 2261 autem
673 2197 801 2261 fuerunt
816 2195 991 2260 Edwardus
1006 2197 1044 2261 de
1060 2197 1248 2281 cipenham,

249 2305 411 2370 Heruldus
441 2312 474 2369 et
505 2306 680 2371 Leofuuine
709 2329 779 2370 saca
810 2307 849 2371 de
879 2307 1039 2390 Exniuge,
1065 2308 1179 2372 Eadrie
1208 2309 1248 2372 de

249 2415 423 2495 Giselham,
434 2416 600 2481 Wlfuuine
613 2417 652 2481 de
669 2416 872 2495 landuuade,
884 2419 1021 2482 Ordiner
1032 2417 1070 2482 de
1080 2418 1246 2502 Berlinge-

246 2528 330 2607 ham,
345 2535 378 2593 et
405 2528 459 2592 alii
484 2551 538 2592 sex
562 2529 600 2594 de
624 2529 806 2594 melioribus
832 2530 1012 2593 comitatus.
1059 2531 1131 2595 Quo
1153 2530 1247 2609 facto,

245 2642 329 2702 terra
353 2639 387 2702 in
402 2661 499 2702 manu
514 2640 599 2723 regis
614 2639 776 2704 remansit.
814 2641 933 2703 Eodem
949 2663 1023 2704 vero
1039 2663 1122 2704 anno
1139 2664 1247 2704 mona·

246 2749 324 2812 chus
343 2749 472 2834 quidam
490 2750 581 2813 Grim
603 2750 742 2828 nomine,
758 2750 847 2834 quasi
869 2774 888 2813 a
908 2751 1046 2814 Domino
1068 2751 1192 2829 missae,
1208 2752 1247 2814 ad

155 2946 163 2953 Ι
244 2859 423 2943 episcopum
439 2860 536 2924 venit.
583 2860 649 2924 Qui
671 2881 743 2924 cum
759 2858 884 2924 audiret
909 2860 967 2923 hoc
982 2860 1067 2943 quod
1091 2859 1137 2922 illi
1159 2860 1247 2942 jura-

245 2978 374 3051 verant;
398 2972 536 3035 nimium
551 2971 723 3049 admirans,
739 2977 772 3036 et
794 2993 846 3035 eos
865 2971 1036 3050 detestans,
1052 2994 1160 3035 omnes
1181 2995 1247 3035 esse

244 3082 583 3167 perjuresaffirmavit.
618 3082 692 3167 Ipse
707 3082 792 3147 enim
808 3082 981 3146 monachus
995 3082 1050 3145 diu
1061 3082 1246 3167 prepositus

246 3194 285 3258 de
310 3195 528 3286 Frachenharn
543 3194 703 3272 extiterat,
718 3198 751 3258 et
774 3216 813 3257 ex
835 3193 943 3257 eadem
969 3201 1050 3258 terra
1070 3193 1198 3258 servitia
1214 3203 1247 3258 et

244 3310 403 3370 costumas
421 3311 458 3369 ut
473 3305 512 3371 de
527 3304 596 3369 aliis
611 3305 702 3370 terris
717 3304 755 3369 de
772 3304 989 3369 Frachcnham
1005 3311 1193 3388 susceperat,
1209 3312 1242 3369 et

245 3437 344 3478 unum
359 3438 399 3480 ex
413 3415 530 3480 eisdem
545 3416 600 3499 qui
610 3415 796 3498 juraverant
811 3415 845 3477 in
861 3414 968 3479 eodem
984 3415 1124 3479 manerio
1136 3416 1194 3478 sub
1211 3439 1244 3479 se

245 3526 407 3590 habuerat.
455 3525 549 3591 Quod
564 3532 731 3610 postquam
747 3525 909 3608 episcopus
923 3525 1089 3590 Hrofensis
1102 3526 1244 3604 audivit,

244 3636 286 3700 ad
310 3636 490 3721 episcopum
515 3637 717 3700 Baiocensem
733 3636 834 3713 venit,
849 3641 883 3699 et
908 3636 1054 3699 monachi
1074 3635 1168 3700 verba
1192 3659 1247 3720 per

245 3745 385 3810 ordinem
401 3747 553 3811 narravit.
593 3746 672 3810 Quas
684 3750 721 3810 ut
736 3745 900 3830 episcopus
911 3746 1044 3825 audivit,
1055 3747 1246 3811 monachum

245 3855 285 3920 ad
307 3878 339 3920 se
354 3857 460 3921 venire
480 3857 565 3937 fecit,
582 3862 615 3920 et
638 3857 678 3920 ab
705 3857 772 3940 ipso
794 3855 851 3919 illa
873 3856 979 3920 eadem
999 3856 1122 3920 didicit.
1169 3859 1246 3922 Post

244 3965 310 4029 haee
326 3988 398 4030 vero
414 3990 515 4030 unum
531 3989 569 4032 ex
584 3966 648 4030 illis
663 3966 717 4051 qui
733 3966 919 4049 juraverant
933 3967 975 4030 ad
989 3988 1021 4030 se
1036 3965 1110 4031 fecit
1122 3967 1228 4030 venire
1236 3993 1245 4045 3

245 4075 298 4160 qui
314 4076 425 4140 statim
440 4078 480 4142 ad
495 4078 561 4162 ejus
583 4077 677 4162 pedes
699 4077 874 4162 procidens,
890 4076 1049 4142 confessus
1065 4083 1158 4141 estse
1174 4100 1244 4163 per-

240 4187 350 4269 jurum
365 4210 440 4252 esse.
489 4189 575 4252 Hinc
589 4194 696 4252 autem
712 4210 785 4252 cum
801 4187 892 4250 illum
908 4188 963 4272 qui
977 4187 1063 4271 prius
1083 4188 1246 4270 juraverat

244 4296 284 4360 ad
296 4319 328 4361 se
340 4299 445 4361 venire
457 4298 599 4376 fecisset;
623 4298 792 4382 requisitus
803 4319 836 4360 se
852 4297 1012 4381 perjurum
1024 4319 1089 4360 esse
1100 4296 1246 4362 similiter

705 4428 726 4469 u
751 4410 769 4469 2
