3000 4972
245 550 308 613 318
655 568 827 615 acernum.

279 770 373 808 BREVE
396 769 433 807 DE
452 769 640 808 nlsumrls
662 769 819 810 consume
842 770 991 809 flassnrems
1013 770 1047 810 ln
1067 771 1155 810 nosco
1174 771 1210 809 BT

480 857 606 896 Piscem
627 858 660 896 ln
681 857 797 897 munais
818 858 1015 896 certamem.

279 961 335 1014 Rex
343 960 490 1015 vicecomiti
500 961 621 1016 salutem.
647 961 765 1031 Precipio
778 962 828 1016 tibi
836 961 907 1032 quod
915 962 972 1016 sinc
982 962 1108 1017 dilatione
1120 963 1250 1033 precipins

243 1047 275 1100 R.
289 1047 357 1118 qnod
368 1048 442 1119 juste
454 1054 481 1103 et
493 1049 550 1102 aine
562 1048 690 1102 dilatione
703 1049 842 1119 permittat
854 1048 949 1104 habere
968 1050 1004 1103 H.
1024 1050 1182 1104 aisiamenta
1201 1069 1251 1104 sua

242 1134 270 1187 in
283 1135 360 1189 bosco
372 1140 400 1188 et
413 1135 441 1188 in
453 1140 561 1206 pastura
573 1135 605 1188 de
619 1135 683 1189 villa
696 1136 750 1200 iila,
763 1155 814 1206 que
828 1136 924 1191 babere
937 1136 1023 1201 debet,
1042 1141 1074 1191 ut
1092 1136 1166 1200 dicit,
1179 1137 1251 1191 sicut

243 1240 273 1276 ca
286 1222 382 1277 habere
393 1221 471 1276 debet
483 1225 509 1276 et
522 1223 617 1277 bebere
629 1222 702 1286 solet,
717 1229 743 1277 et
756 1242 809 1276 non
827 1224 975 1294 permittas,
987 1223 1058 1295 quod
1075 1225 1194 1294 prefatus
1216 1224 1249 1277 lt.

243 1309 285 1364 vel
298 1310 366 1363 alius
379 1309 402 1364 ei
415 1309 477 1363 inde
489 1310 635 1363 molestiam
649 1310 690 1363 vel
705 1310 831 1380 injuriam
844 1310 931 1373 saciat,
945 1329 979 1365 no
997 1311 1111 1381 amplius
1129 1315 1177 1365 etc.
1216 1311 1247 1364 T.

243 1403 292 1452 etc.
324 1396 382 1450 Lib.
398 1398 438 1460 12,
452 1415 473 1450 c.
489 1399 529 1450 14.

293 1645 388 1684 BRBVB
407 1644 444 1682 DE
465 1642 620 1683 nemnem
640 1641 884 1680 nrrlonnnlnlncs
904 1640 1013 1680 mvrma
1033 1640 1122 1680 lnrna
1141 1641 1202 1680 Duo

655 1729 842 1768 vaunnam.

282 1838 338 1892 Rex
350 1836 497 1891 vicecomiti
507 1835 629 1891 salntem.
655 1835 773 1906 Precipio
783 1834 841 1899 tibi,
849 1834 920 1905 quod
929 1834 1003 1904 juste
1014 1840 1042 1888 et
1054 1834 1111 1888 sine
1123 1833 1254 1891 dilatione

245 1925 325 1978 incias
344 1942 400 1978 esse
418 1923 588 1977 rationabiles
605 1922 703 1976 divisas
723 1922 794 1975 inter
807 1926 903 1975 terram
919 1922 952 1976 R.
970 1921 999 1975 in
1018 1920 1065 1975 ilia
1083 1920 1157 1986 villa,
1175 1926 1203 1976 et
1224 1923 1256 1977 in

245 2011 413 2083 pertinentiis
432 2015 459 2065 et
477 2015 574 2065 terrain
590 2010 622 2063 D.
637 2011 664 2063 in
682 2009 728 2063 illa
747 2009 818 2073 villa,
840 2009 908 2063 sicut
928 2026 984 2062 esse
1003 2007 1099 2063 debent
1119 2012 1146 2062 et
1166 2008 1256 2064 solent

246 2119 302 2155 esse
323 2105 350 2154 et
370 2099 438 2152 sicut
468 2098 578 2152 fuerunt
599 2103 717 2168 tempore
746 2097 816 2167 regis
839 2096 959 2159 Henriei,
984 2096 1027 2150 avi
1046 2096 1108 2160 mci,
1128 2095 1198 2150 unde
1220 2097 1255 2152 R·

245 2186 373 2257 queritur.
386 2185 455 2254 quod
468 2186 499 2239 Α.
522 2184 625 2252 injuste
638 2188 665 2238 et
677 2184 735 2238 aine
751 2183 854 2255 judicio
866 2182 1005 2254 occupavit
1017 2182 1077 2237 inde
1090 2182 1159 2254 plns,
1171 2202 1255 2255 quam

245 2273 360 2345 pertinet
372 2271 405 2325 ad
418 2271 531 2326 liberum
544 2275 728 2326 tenementum
741 2289 820 2325 sunm
833 2271 865 2324 de
879 2270 951 2334 villu,
964 2289 997 2324 ne
1009 2273 1129 2340 oporteat
1140 2274 1190 2325 etc.
1221 2271 1254 2324 Τ.

247 2364 296 2415 cte.
334 2358 539 2423 Lib.12,c.1c.

352 2609 390 2647 DE
411 2608 510 2648 MORTE
523 2606 742 2654 aennensscnm,
756 2606 846 2644 CUJUS
866 2606 961 2644 HEBES
975 2607 1072 2644 MAJOR
1085 2605 1142 2644 EST.
1238 2605 1243 2614 ⁸

283 2714 338 2770 Rex
352 2714 501 2769 vicecomiti
515 2713 636 2768 salutem.
681 2712 710 2766 Si
730 2712 764 2767 G.
784 2711 854 2765 iilius
874 2711 904 2765 F.
924 2711 1020 2767 fecerit
1037 2717 1064 2767 te
1083 2730 1204 2767 securum
1217 2711 1250 2767 de

243 2801 357 2856 elamore
378 2820 425 2856 suo
444 2801 633 2873 prosequendo,
651 2804 717 2853 tnnc
735 2816 873 2852 summoue
886 2798 1025 2869 perbonos
1043 2798 1249 2852 summonitores

244 2888 381 2943 duodecim
401 2889 494 2943 liberos
513 2895 539 2943 et
558 2886 655 2957 legales
668 2886 789 2941 homines
802 2886 834 2939 de
846 2885 959 2939 visineto
978 2885 1009 2940 de
1030 2885 1075 2940 illa
1094 2884 1165 2949 villa,
1178 2884 1249 2956 qnod

245 2975 301 3030 sint
319 2995 405 3031 comm
425 2996 466 3031 me
485 2975 528 3031 vel
545 2975 662 3047 justiciis
680 2974 746 3028 meis
764 2992 795 3028 eo
813 2973 855 3027 die
874 2973 959 3044 parati
979 2975 1142 3028 sacramento
1160 2991 1250 3043 recog·

246 3082 358 3127 noscere,
378 3064 400 3117 si
414 3064 443 3117 Τ.
458 3067 533 3134 pater
546 3063 657 3134 predicti
670 3063 702 3117 G.
717 3061 770 3115 fuit
782 3061 889 3116 seieitns
910 3062 938 3114 in
957 3061 1089 3115 dominico
1110 3079 1166 3124 suo,
1179 3061 1251 3115 sicut

244 3148 277 3204 de
289 3149 364 3204 feodo
378 3168 425 3203 sno
437 3149 469 3203 de
482 3168 536 3203 una
548 3148 653 3219 virgata
665 3152 734 3203 terre
748 3147 775 3200 in
788 3147 835 3201 illa
853 3146 917 3201 villa
929 3147 980 3210 die,
992 3166 1046 3218 qua
1056 3147 1130 3210 obiit,
1146 3147 1168 3201 si
1181 3148 1249 3202 obiit

244 3239 305 3305 post
317 3236 430 3306 primam
449 3236 645 3290 coronationem
664 3253 759 3298 meam,
778 3240 805 3289 et
824 3235 846 3288 si
867 3234 911 3288 ille
931 3235 962 3289 G.
981 3235 1154 3305 propinquior
1173 3235 1249 3289 heres

243 3321 301 3391 ejus
313 3328 354 3376 cst
366 3326 393 3375 et
405 3321 512 3376 interim
525 3327 623 3376 terram
644 3321 719 3375 iliam
738 3322 853 3384 videant,
866 3327 893 3376 et
912 3322 1021 3376 nomina
1039 3341 1129 3376 eornm
1149 3321 1247 3377 imbre-

242 3407 312 3461 viari
320 3408 434 3462 feeiuset
443 3427 581 3463 summoue
593 3407 732 3479 perbonos
745 3409 948 3464 summonitores
962 3410 995 3463 R.
1005 3409 1050 3481 qni
1062 3414 1160 3464 terram
1173 3408 1248 3464 illum

243 3498 324 3559 tenet,
337 3495 407 3566 qnod
419 3500 482 3549 tunc
495 3496 531 3549 sit
543 3496 579 3549 ibi
593 3497 733 3550 auditurus
745 3497 819 3550 illam
833 3498 1040 3568 recognitionem
1059 3503 1087 3553 et
1099 3497 1196 3553 habeas
1209 3499 1246 3554 ibi

243 3582 447 3637 summonitores
460 3586 507 3636 etc.
546 3584 575 3636 T.
589 3587 637 3637 etc.
669 3582 727 3637 Lib.
743 3585 784 3647 13,
798 3603 820 3638 c.
832 3586 857 3638 3.

280 3848 374 3887 Bnnvn
388 3847 425 3886 DE
445 3845 591 3885 memnon
610 3846 727 3885 aalma
746 3847 868 3886 PBTENTI
883 3848 950 3886 POST
966 3848 1212 3889 necoemrlonan

666 3934 788 3972 Facem.

280 4042 337 4095 Rex
345 4039 491 4095 vicecomiti
505 4038 626 4094 salutem.
653 4040 734 4103 Scias,
744 4039 814 4110 quod
823 4039 855 4094 N.
870 4038 1045 4094 diracionnvit
1057 4043 1086 4094 in
1098 4041 1171 4094 curia
1182 4059 1248 4104 meu,

243 4129 368 4183 seisinanr
384 4130 459 4181 tante
471 4130 540 4181 terre
554 4127 580 4181 in
594 4128 639 4181 illa
653 4127 717 4181 vilia
738 4146 785 4197 per
801 4126 1009 4196 recognitionem
1028 4127 1060 4181 de
1073 4132 1156 4181 morte
1175 4126 1248 4180 illins

243 4214 414 4269 antecessoris
433 4214 474 4268 ani
497 4233 589 4268 versus
608 4216 641 4268 R.
679 4217 716 4269 Et
737 4215 795 4268 ideo
816 4215 864 4268 tibi
884 4214 1007 4285 precipio,
1028 4216 1099 4285 quod
1124 4214 1249 4269 seisinarn

243 4301 317 4354 illam
333 4300 357 4354 ei
370 4300 427 4354 sine
440 4301 566 4355 dilatione
580 4301 669 4355 baberi
684 4302 772 4356 sacius.
810 4302 840 4355 Τ.
855 4305 903 4355 ete.
940 4300 998 4354 Lib.
1015 4304 1056 4364 13,
1069 4320 1091 4356 c.
1104 4304 1129 4354 8.
