3000 4972
662 565 805 608 ninnrau
829 567 852 609 1.
1244 549 1262 610 7

256 714 401 781 Haltune
412 741 421 794 ;
456 715 489 779 in
521 715 753 797 Oxenfordsire,
784 716 981 781 Niwentune
992 743 1001 796 3
1036 717 1069 780 in
1100 719 1261 800 Eastsere‚

256 826 410 905 Stislcde3
456 826 489 890 in
526 826 714 906 Sutfolohia,
756 827 984 892 Frachenham.
1046 829 1131 893 Item
1168 852 1260 913 super

255 935 429 999 Radulfum
444 936 482 999 de
499 936 603 1000 Curva
620 936 719 1019 Spina
735 937 805 1000 LX.
822 937 973 1001 solidatas
996 938 1034 1002 de
1056 944 1202 1022 pasturas
1224 940 1259 1003 in

255 1048 372 1112 Graan.
421 1049 467 1110 Et
495 1069 603 1111 omnes
633 1047 704 1111 illas
733 1054 832 1112 terras
857 1055 889 1113 ct
912 1049 989 1113 alias
1024 1049 1258 1116 diratiocinavit

254 1181 327 1222 cum
343 1158 488 1222 omnibus
511 1158 791 1223 consuetudinibus
806 1165 839 1223 et
855 1159 947 1224 rebus
972 1183 1041 1245 quae
1067 1161 1107 1224 ad
1134 1162 1257 1226 easdem

253 1276 351 1333 terras
366 1269 569 1353 pertinebant
583 1270 629 1333 ita
643 1270 756 1334 liberas
772 1277 867 1354 atque
890 1272 1022 1356 quietas,
1039 1272 1124 1357 quod
1146 1273 1180 1336 in
1202 1274 1257 1337 illa

254 1380 303 1445 dic
319 1403 381 1465 qua
400 1380 504 1464 ipsum
520 1380 673 1464 placitum
689 1381 814 1444 finitum
832 1380 894 1444 suit
909 1404 972 1446 non
987 1383 1139 1448 remansit
1161 1383 1257 1448 homo

252 1489 286 1552 in
301 1496 370 1554 toto
392 1512 490 1572 regno
513 1490 640 1574 Angliae
666 1489 722 1574 qui
749 1489 866 1574 aliquid
891 1490 964 1556 inde
990 1492 1256 1577 calumpniaretur

254 1622 352 1685 neque
368 1623 460 1683 super
475 1600 559 1683 ipsas
574 1606 672 1663 terras
687 1600 784 1663 etiarn
805 1624 940 1684 parvum
956 1602 1124 1687 quicquam
1140 1603 1255 1668 clama·

252 1716 310 1775 ret.
358 1711 473 1774 Stolres
487 1733 560 1774 vero
587 1717 620 1775 et
644 1710 827 1775 Devintune
842 1717 875 1776 ct
891 1712 1103 1777 Frachenham
1120 1714 1256 1779 reddidit

251 1821 386 1886 ecclesiae
418 1822 528 1885 Sancti
558 1821 701 1899 Andreae,
733 1822 807 1906 quia
836 1823 874 1887 de
899 1823 971 1906 jure
996 1823 1096 1907 ipsius
1119 1825 1255 1890 ecclesia

251 1933 430 2017 antiquitus
445 1933 584 1997 fuerunt.
630 1935 675 1997 Et
689 1934 723 1996 in
738 1935 846 1998 codem
861 1935 978 2019 placito
987 1959 1050 1999 non
1061 1936 1160 2000 solum
1176 1937 1253 2001 istas

250 2045 493 2128 prenominatas
508 2052 540 2108 et
556 2045 632 2108 alias
647 2049 746 2109 terras
761 2046 814 2110 sed
830 2051 862 2110 ct
885 2068 993 2111 omnes
1016 2046 1181 2112 libertates
1204 2071 1253 2113 ec·

250 2153 351 2218 clasiae
374 2178 448 2235 suae,
463 2160 496 2219 et
521 2176 629 2219 omnes
655 2155 897 2221 consuetudines
923 2179 995 2220 suas
1019 2157 1194 2236 renovavit,
1220 2166 1253 2223 ct

250 2269 416 2328 renovatas
432 2264 474 2328 ibi
488 2263 732 2343 diratiocinavit,
745 2286 826 2342 soca,
842 2287 922 2345 saca,
932 2265 990 2343 tol,
999 2271 1094 2344 team,
1105 2266 1252 2351 flymena,

249 2375 399 2459 srymthe,
429 2374 642 2460 grithbrechc‚
665 2374 820 2454 foresteal,
851 2376 1012 2453 haunfara
1043 2375 1251 2460 infangenne-

249 2486 347 2564 theof,
363 2508 435 2550 cum
459 2485 607 2550 omnibus
633 2486 702 2549 aliis
726 2486 1006 2550 consuetudinibus
1030 2487 1158 2571 paribus
1181 2489 1252 2553 istis

249 2599 299 2663 vel
316 2597 489 2662 minoribns
505 2597 624 2661 istisin
640 2598 731 2661 terris
746 2605 779 2662 ct
792 2598 827 2661 in
842 2599 943 2682 aquis,
959 2598 992 2660 in
1008 2597 1114 2682 sylvis,
1130 2598 1163 2661 in
1179 2598 1252 2677 viis,

248 2714 280 2773 et
304 2708 337 2771 in
360 2707 471 2792 pratis,
487 2713 520 2771 et
543 2709 576 2771 in
592 2707 740 2771 omnibus
764 2707 834 2770 aliis
859 2707 951 2770 rebus
977 2707 1060 2770 infra
1085 2707 1250 2772 civitatem

247 2827 280 2884 ct
294 2825 393 2898 extra,
408 2820 491 2882 intra
506 2818 644 2901 burgum
660 2825 692 2881 et
706 2824 805 2892 extra,
822 2816 903 2880 etin
918 2817 1064 2880 omnibus
1080 2816 1150 2879 aliis
1162 2816 1248 2882 locis.

248 2933 293 2995 Et
308 2932 346 2996 ab
362 2931 508 2995 omnibus
523 2930 587 2993 illis
602 2928 708 3012 probis
723 2935 756 2993 et
774 2928 970 3011 sapientibus
993 2927 1173 2991 hominibus
1195 2928 1251 3012 qui

246 3043 405 3105 affuerunt
435 3041 497 3105 luit
527 3042 573 3105 ita
602 3040 647 3103 ibi
672 3039 939 3116 diratiocinatum,
964 3043 997 3102 et
1019 3037 1116 3102 etiam
1140 3061 1160 3102 a
1183 3045 1250 3104 toto

247 3153 401 3217 comitatu
427 3152 623 3216 recordatum
648 3156 741 3236 atque
761 3149 941 3233 judicatum
967 3149 1051 3234 quod
1076 3149 1250 3234 sicutipse

247 3289 300 3329 rex
316 3270 405 3329 tenet
420 3287 492 3328 suas
507 3270 605 3328 terras
621 3263 731 3327 liberas
754 3269 786 3327 ct
808 3262 931 3346 quietas
954 3262 988 3325 in
1012 3285 1069 3326 suo
1093 3262 1251 3327 dominico

245 3376 292 3439 ita
307 3375 556 3459 archiepiscopus
572 3373 807 3437 cantuariensis
822 3379 911 3438 tenet
926 3396 997 3437 suas
1012 3379 1110 3438 terras
1120 3374 1249 3438 omnino

245 3487 358 3551 liberas
373 3492 406 3551 ct
421 3486 543 3569 quietas
559 3484 592 3547 in
607 3507 664 3548 suo
679 3483 846 3549 dominico.
894 3484 980 3548 Huic
1005 3485 1122 3567 placito
1149 3485 1247 3549 inter·

244 3599 373 3663 fuerunt
390 3596 569 3661 Goissridus
584 3595 745 3679 episcopus
761 3595 1016 3659 Constanticnsis
1040 3595 1094 3679 qui
1120 3595 1153 3657 iu
1180 3596 1248 3659 loco

243 3710 328 3794 regis
351 3709 414 3773 fuit
428 3714 462 3772 ct
480 3706 641 3790 justitiam
664 3705 752 3769 illam
776 3705 893 3784 tenuit,
919 3706 1118 3769 Lansrancus
1144 3707 1247 3770 archi·

242 3822 404 3905 episcopus
420 3819 474 3904 qui
490 3828 526 3882 ut
542 3817 663 3880 dictum
686 3822 735 3880 est
758 3815 923 3899 placitavit
947 3827 982 3879 et
996 3821 1100 3879 totum
1116 3815 1248 3880 diracio-

241 3932 484 4009 cinavit,comes
499 3928 632 4005 cantia,
645 3927 791 3991 videlicet
801 3926 969 4011 praedictus
983 3926 1052 3990 Odo
1065 3926 1247 3990 Baiocensis

241 4044 414 4127 episcopus,
430 4044 586 4105 Ernostus
603 4039 765 4123 episcopus
779 4038 818 4102 dc
841 4036 1051 4116 Itovcccstria,
1067 4036 1248 4120 AEgelricus

242 4155 404 4238 episeopus
419 4152 458 4217 de
474 4153 623 4227 Cicestra,
639 4150 690 4213 vir
709 4147 950 4232 antiquissimus
974 4153 1007 4210 et
1029 4147 1139 4229 legum
1157 4152 1248 4208 terne

242 4265 494 4350 sapientissimus
512 4262 580 4347 (qni
604 4285 641 4325 ox
663 4263 818 4344 praecepto
841 4259 925 4341 regis
949 4257 1100 4320 advectus
1121 4254 1184 4317 suit
1208 4254 1247 4317 ad
