3000 4972
654 565 796 610 wrnnmn
820 566 842 610 1.
1206 549 1244 610 31

244 717 389 783 fidelibus
405 718 471 782 suis
486 718 586 783 totius
608 718 699 801 regni
715 718 853 803 Angliae,
868 718 1012 783 salutem.
1060 717 1176 782 Sciatis
1198 740 1247 783 me

243 829 429 894 concessisse
447 830 570 893 Sanctae
586 829 696 892 Mnriae
711 829 749 893 de
765 829 984 907 Abbendonia,
1001 836 1033 895 et
1054 829 1247 894 Athellelmo

243 939 352 1003 abbati
386 939 526 1023 ejusdem
560 938 631 1017 loci,
660 962 770 1003 omnes
804 940 1062 1005 consuestudines
1092 947 1248 1004 terrarum

244 1072 383 1130 suarum,
413 1072 605 1135 quaeeunque
637 1050 745 1133 jacent
768 1050 802 1113 in
833 1051 961 1115 ecclesia
991 1051 1149 1134 praedicta,
1180 1050 1249 1114 ubi·

244 1183 378 1244 cumque
391 1183 442 1225 eas
454 1161 578 1241 habeat,
588 1162 622 1224 in
634 1162 735 1245 burgo
747 1161 796 1226 vel
812 1168 900 1226 extra
910 1163 1062 1246 burgum,
1075 1162 1248 1226 seeundum

244 1272 327 1356 quod
358 1271 454 1335 abbas
484 1271 543 1336 iste
566 1271 778 1336 Athellelmus
808 1273 923 1356 poterit
945 1273 1168 1352 demonstrare,
1192 1296 1249 1357 per

244 1381 338 1446 breve
364 1381 414 1446 vel
436 1389 566 1461 cartam,
592 1382 753 1446 ecclesiam
779 1383 902 1446 sancte
925 1383 1036 1446 Mariis
1060 1384 1098 1448 de
1120 1383 1249 1448 Abben·

245 1492 337 1570 done,
349 1498 381 1556 et
397 1493 651 1576 praedecessorem
667 1515 771 1572 suum,
786 1516 837 1557 eas
852 1493 1249 1558 consuetudineshabuisse
1343 1554 1347 1561 .

245 1604 326 1666 dono
338 1602 421 1687 regis
436 1603 614 1667 Eadwardi.

290 1714 433 1778 Quarum
458 1713 601 1777 recitatio
631 1712 792 1777 literarum
823 1713 856 1777 in
882 1714 1065 1778 Berkescire
1094 1714 1248 1779 comitatu

246 1823 367 1907 prolata
396 1823 569 1907 plurimum
595 1829 628 1887 et
657 1823 717 1907 ipsi
748 1823 855 1888 abbati
879 1830 912 1889 et
936 1825 1069 1890 ecclesias
1093 1825 1248 1890 commodi

246 1933 367 1998 attulit.
415 1933 577 2017 Siquidem
594 1933 674 2017 regii
696 1933 843 1998 officiales
863 1934 926 1999 illis
941 1935 1053 2000 diebus
1067 1937 1248 2001 hominibus

246 2043 280 2105 in
302 2043 436 2107 ecclesiae
458 2043 705 2127 possessionibus
727 2043 859 2108 diversis
881 2045 1020 2110 locorum
1043 2047 1247 2111 manentibus

247 2154 365 2218 multas
393 2153 569 2218 inferebant
590 2153 721 2236 injurias
733 2180 742 2232 ;
766 2176 849 2218 nune
879 2155 946 2234 has,
969 2178 1054 2220 nunc
1079 2180 1152 2222 vero
1178 2158 1249 2222 illas

245 2264 496 2343 consuetudines,
521 2264 566 2328 eis
590 2265 656 2348 pati
680 2264 758 2328 satis
787 2287 911 2349 graves,
938 2267 1126 2351 ingerentes.
1185 2269 1247 2334 Sed

245 2374 396 2439 exhibitis
419 2375 576 2458 praedietis
599 2375 813 2459 imperialibus
836 2376 1004 2456 mandatis,
1024 2379 1139 2463 quibus
1154 2380 1246 2444 recti·

247 2485 374 2550 tudines
383 2485 517 2549 ecclesiae
527 2507 581 2570 per
593 2494 712 2549 cartam
725 2487 891 2551 Eadwardi
904 2487 989 2571 regis
999 2494 1031 2552 et
1042 2489 1248 2555 attestatione

248 2594 417 2660 comitatus
432 2594 466 2657 in
480 2595 587 2659 eodem
603 2595 756 2658 comitatu
772 2602 848 2659 tunc
863 2595 987 2679 publice
1002 2597 1173 2677 ventilata,
1189 2599 1250 2683 ipsi

248 2705 392 2769 officiales
416 2704 572 2790 repulsam
595 2705 656 2769 sibi
678 2705 853 2784 adversam,
875 2704 1011 2770 eeclesiae
1033 2713 1140 2769 autem
1162 2728 1247 2770 com-

249 2815 385 2893 modam,
401 2838 581 2900 suscepere;
602 2815 635 2877 id
651 2814 785 2878 viriliter
799 2814 912 2878 domno
929 2814 1120 2878 Athellelmo
1135 2815 1250 2879 abbate

249 2930 423 3009 satagente.
470 2924 530 2988 Cui
544 2924 718 3009 plurimum
741 2923 851 2988 auxilii
873 2924 1017 2988 ferebant
1038 2923 1100 2988 duo
1115 2924 1249 2989 ecclesia

248 3037 343 3123 hujus
367 3035 523 3114 monaehi,
537 3033 682 3118 germani
708 3033 836 3119 quidem
857 3034 979 3112 fratres,
999 3057 1133 3119 quorum
1149 3037 1249 3119 major

249 3152 328 3210 natu
344 3146 483 3225 Saeolus,
495 3145 604 3229 junior
618 3167 691 3211 vero
717 3144 872 3209 Godricus
887 3145 1067 3224 vocabatur,
1084 3167 1156 3210 cum
1179 3147 1249 3231 qui-

249 3256 306 3320 bus
331 3264 363 3321 et
388 3256 546 3321 Alfwinus
568 3255 740 3340 presbyter,
756 3263 835 3319 tunc
859 3254 1021 3320 ecclesiam
1046 3257 1142 3340 regiae
1166 3257 1249 3322 villae

251 3369 390 3432 Suttune
404 3366 477 3430 huic
488 3366 598 3430 vicinae
613 3366 810 3451 gubernans3
826 3366 941 3451 quibus
955 3372 1047 3430 tanta
1062 3367 1249 3432 secularium

249 3477 395 3542 facundia
410 3484 442 3540 et
457 3476 686 3561 praeteritorum
709 3477 861 3541 memoria
875 3484 1059 3541 eventorum
1083 3477 1196 3558 inerat,
1212 3485 1250 3544 ut

249 3589 352 3653 caetcri
374 3587 615 3672 circumquaque
644 3586 736 3652 facile
771 3610 879 3652 eorum
916 3588 1105 3652 senteutiam
1144 3596 1247 3654 ratam

249 3699 354 3779 fuisse,
369 3721 465 3784 quam
490 3698 658 3777 edicerent,
672 3699 891 3783 approbarent.
939 3698 1002 3763 Sed
1024 3699 1126 3763 etalii
1142 3701 1248 3784 plures

249 3811 288 3876 de
304 3811 421 3894 Anglis
437 3810 585 3875 causidici
606 3833 661 3894 per
675 3809 709 3874 id
727 3817 855 3894 tempus
870 3809 905 3872 in
927 3808 1055 3873 abbatia
1077 3810 1139 3873 ista
1154 3810 1248 3876 habe·

249 3922 367 3986 bantur
396 3945 529 4006 quorum
562 3921 723 3986 collationi
752 3944 844 3986 nemo
872 3919 995 4004 sapiens
1021 3920 1249 4004 refragabatur.

252 4035 376 4099 Quibus
387 4057 451 4099 rem
467 4033 602 4099 ecelesia
617 4032 776 4118 publicam
789 4031 964 4109 tuentibus,
974 4030 1041 4114 ejus
1056 4030 1250 4096 oblocutores

249 4146 393 4230 elingues
408 4145 536 4210 fiebant.
