3000 4972
623 557 732 603 nuncu
757 557 780 600 r.
1144 536 1203 598 115

200 710 309 777 audire
324 710 440 778 velitis.
485 710 622 776 Constat
637 709 764 796 quidem
786 709 871 796 quod
892 714 977 773 terra
998 708 1065 773 haec
1087 706 1126 773 de
1140 730 1202 793 qua

201 822 292 887 nobis
314 822 365 888 hic
387 845 487 888 sermo
509 823 655 902 oritur,a
676 822 788 887 diebus
810 821 951 906 antiquis
972 820 1070 905 hujus
1085 825 1202 885 saneta

200 932 312 998 domus
339 932 471 999 Domini
491 933 642 998 fratribus
663 933 698 997 in
721 955 797 997 usus
818 931 961 1018 proprios
982 939 1015 996 et
1035 930 1201 1016 possessio·

199 1066 273 1109 nem
303 1043 435 1108 liberam
464 1043 548 1123 data,
570 1043 688 1108 nullius
722 1065 863 1129 unquam
896 1040 1074 1106 mutatione
1106 1040 1201 1124 regis,

199 1154 348 1240 episcopi,
363 1155 413 1219 vel
427 1154 561 1233 abbatis,
576 1154 610 1218 in
624 1155 677 1238 jus
692 1154 828 1218 militare
843 1153 981 1220 transiit.
1027 1151 1120 1219 Quod
1135 1153 1203 1237 ipse

201 1263 325 1329 Grenta
339 1264 378 1330 de
392 1266 483 1350 cujus
505 1265 686 1330 hereditate
708 1286 795 1329 nunc
817 1264 925 1349 agitur
946 1262 1082 1328 moriens
1104 1262 1201 1328 etiam

199 1397 262 1439 non
284 1375 394 1441 tacuit.
438 1375 524 1442 Nam
546 1398 630 1455 cum,
652 1375 742 1440 nobis
763 1374 978 1458 praesentibus,
999 1373 1108 1438 domui
1138 1397 1202 1438 sura

199 1484 387 1570 disponeret,
402 1492 435 1552 et
448 1485 494 1551 rei
508 1484 673 1571 peculiaris
695 1492 801 1571 partes
823 1484 1013 1550 nominatim
1034 1485 1199 1557 divideret,

199 1601 315 1661 secreto
341 1595 481 1661 monitus
506 1619 525 1661 a
548 1595 729 1661 domesticis
758 1601 796 1661 ut
825 1601 1053 1661 testamentum
1083 1594 1200 1659 faciens

198 1706 323 1792 publice
336 1706 398 1772 sibi
411 1706 566 1772 haeredem
581 1707 797 1773 substitueret.
844 1707 913 1784 Ait,
930 1706 1009 1771 Haec
1028 1712 1078 1771 est
1104 1705 1198 1770 haere·

199 1816 282 1882 ditas
319 1839 480 1883 servornm
517 1818 667 1896 Domini,
711 1839 807 1904 quam
844 1817 913 1883 vice
949 1816 1098 1901 stipendii
1136 1839 1200 1881 non

197 1928 391 1994 haereditatis
405 1929 475 2014 lege
491 1929 594 2015 quoad
608 1928 746 1994 viverem
771 1935 875 1994 tenere
900 1927 1079 2013 permissus,
1095 1927 1199 2012 ipsum

198 2061 249 2104 me
279 2061 351 2104 cum
385 2044 478 2118 terra,
511 2038 663 2105 fratribus
700 2039 815 2125 quibus
848 2039 881 2103 id
910 2037 992 2124 juris
1022 2043 1081 2116 est,
1113 2060 1200 2103 nnnc

80 2201 85 2208 .
198 2150 332 2216 moriens
346 2150 499 2236 relinquo.
546 2152 617 2216 Hoc
631 2156 681 2216 est
695 2149 780 2235 quod
794 2150 869 2215 fecit
892 2155 1121 2215 testamentum
1135 2174 1142 2213 ε
1165 2154 1199 2213 et

198 2260 262 2326 hac
278 2262 373 2327 verba
386 2261 473 2327 illius
488 2261 670 2328 novissima.
714 2262 795 2327 Post
810 2284 878 2348 quae
901 2266 1034 2326 vexatus
1055 2283 1110 2344 per
1132 2259 1199 2326 dies

197 2371 328 2457 aliquot,
350 2373 523 2439 monachus
555 2373 640 2439 diem
673 2373 764 2439 obiit.
811 2375 984 2438 Praesentes
1018 2371 1070 2437 hic
1102 2371 1199 2438 etiam

197 2482 349 2568 quosdam
374 2482 476 2564 video,
503 2505 581 2569 quos
605 2483 752 2549 omnibns
778 2484 829 2548 his
854 2483 1033 2548 interfuisse
1055 2481 1152 2547 simul
1166 2488 1200 2548 et

197 2595 319 2660 audisse
355 2595 573 2679 gratissimum
610 2596 718 2661 habeo.
780 2598 954 2680 Surgentes
991 2594 1064 2659 ilico
1099 2599 1197 2660 testes

196 2705 328 2791 quidam
343 2705 482 2791 legitimi
498 2712 620 2772 stantes
634 2707 670 2771 in
685 2707 787 2772 medio
803 2711 986 2771 constanter
1007 2704 1198 2785 asserebant,

196 2839 229 2882 sc
242 2816 344 2882 modis
359 2817 504 2882 omnibus
519 2818 715 2902 probaturos.
731 2841 804 2882 eum
819 2839 859 2882 ne
881 2838 945 2882 uno
960 2815 1087 2902 quidem
1103 2816 1197 2881 verbo

195 2927 339 2994 veritatis
353 2928 526 3013 praeterisse
542 2927 689 3012 vestigia.
734 2928 834 2992 Carta
847 2925 1073 2991 nichilominus
1098 2926 1196 2991 dona·

195 3037 291 3103 tionis
327 3038 465 3124 antiqua
500 3062 574 3104 mox
611 3038 693 3102 lecta
729 3044 798 3115 est3
831 3059 927 3123 quam
950 3035 1109 3101 Kenulfus
1140 3058 1197 3103 rex

196 3150 359 3214 Saxonum
392 3149 488 3214 scribi
519 3149 668 3235 pracepit
700 3154 734 3214 et
766 3171 866 3213 mann
896 3147 1021 3233 propria
1043 3147 1196 3231 signavit,

194 3260 465 3326 consentientibus
486 3267 518 3325 et
540 3260 753 3325 annuentibus
767 3258 1017 3345 archiepiscopis,
1032 3258 1196 3343 episcopis,

194 3370 374 3451 abbatibus,
410 3348 443 3436 et
490 3372 636 3438 omnium
683 3370 882 3457 dignitatum
928 3369 1118 3456 primatibus
1159 3392 1196 3434 ac

195 3481 359 3546 ministris.
404 3485 450 3549 Et
472 3489 509 3549 ut
533 3483 578 3548 ibi
600 3483 774 3568 legebatur,
797 3482 930 3548 eandem
956 3486 1076 3546 cartam
1102 3480 1196 3564 signo

194 3592 295 3658 crucis
321 3599 469 3660 notantes
492 3594 658 3679 imprecati
685 3602 761 3659 sunt
787 3593 821 3657 in
851 3593 942 3657 illum
971 3592 1052 3657 iram
1081 3591 1196 3658 furoris

193 3702 335 3782 Domini,
366 3706 545 3792 quicunque
581 3711 649 3770 tam
675 3705 802 3771 liberale
829 3703 1082 3769 christianissimi
1111 3702 1196 3786 regis

193 3813 382 3881 donativum
408 3840 593 3903 quocunque
610 3816 862 3882 deteriorationis
883 3836 998 3900 genere
1019 3820 1195 3898 pervertere

192 3927 442 4012 presumpsisset
466 3929 500 3994 in
523 3936 687 3994 aternum.
733 3926 840 3991 Lectis
863 3926 965 4010 igitur
985 3930 1019 3989 et
1043 3923 1194 4007 expositis

191 4059 260 4121 quae
274 4043 362 4103 carta
376 4039 536 4105 continere
551 4038 728 4116 videbatur,
742 4033 992 4103 ratiocinationis
1013 4035 1080 4119 jam
1102 4033 1194 4099 dicta

191 4146 309 4211 veritas
338 4147 471 4214 solidata
499 4155 567 4228 est3
600 4148 670 4213 aliis
699 4147 782 4213 bona
812 4145 1024 4222 laudantibus,
1054 4141 1125 4207 aliis
1154 4165 1194 4208 ex

192 4256 324 4324 adverso
339 4256 632 4338 tumultuantibus3
666 4258 720 4323 illo
744 4257 898 4343 praecipue
922 4254 1124 4332 occlamante,
1140 4253 1194 4336 qui

686 4387 700 4430 1
723 4370 743 4429 2
