3000 4972
291 562 352 621 252
535 575 667 620 anacim
691 573 1041 619 sueno-nonnanmcn.

288 729 492 813 Andegaviae,
509 727 677 792 Eustachio
701 728 765 791 filio
782 727 936 791 Johaunis
960 734 992 791 et
1017 725 1159 790 Joeelino
1174 727 1302 791 Castel-

288 838 359 903 lauo
386 839 517 916 Fruarii‚
541 839 684 903 salutem.
715 839 851 910 ‚Mando
875 837 964 901 vobis
988 844 1021 901 et
1045 836 1191 921 praecipio
1214 837 1302 922 quod

289 951 370 1015 sicut
385 974 435 1014 me
458 950 592 1034 diligitis
621 949 782 1013 monacbis
807 948 1011 1013 Glaucestriae
1038 948 1149 1012 habere
1174 947 1302 1012 faciatis

289 1062 394 1125 omnia
410 1086 477 1145 qnae
492 1062 614 1146 dejure
636 1083 744 1125 eorum
771 1067 846 1124 suut
871 1060 954 1144 apud
970 1082 1034 1138 vos,
1050 1066 1083 1124 et
1106 1058 1300 1123 nominatim

290 1173 444 1258 quoddam
477 1172 691 1237 molendinum
722 1194 813 1234 sunm
844 1172 927 1256 apud
958 1170 1115 1255 Olneyam
1145 1192 1183 1234 ex
1214 1170 1301 1234 douo

292 1283 453 1368 Ranulpbi
469 1283 592 1348 comitis
605 1282 732 1347 Cestriae
743 1306 799 1366 pro
809 1283 881 1346 XL.
900 1281 1017 1361 solidis
1029 1288 1062 1347 et
1076 1280 1161 1346 aliud
1176 1280 1301 1352 molen·

290 1396 401 1459 dinnm
424 1396 507 1480 apud
535 1394 730 1458 Taddewelle
755 1416 794 1457 ex
818 1394 899 1457 dono
918 1393 991 1457 Aliz
1017 1392 1129 1456 sororis
1154 1393 1300 1476 ejusdem

291 1506 415 1571 comitis
427 1529 482 1590 pro
498 1505 604 1569 anima
617 1504 743 1569 Ricardi
755 1504 813 1567 filii
831 1503 985 1568 Gilebeiti
997 1503 1057 1567 viri
1066 1502 1125 1581 sni,
1136 1509 1169 1567 et
1179 1508 1300 1567 terram

291 1641 379 1680 snam
407 1617 489 1700 apud
516 1617 645 1701 Coleby,
669 1639 708 1680 ne
741 1615 851 1678 auxilii
877 1614 973 1679 vestri
996 1614 1125 1698 penuria
1152 1614 1300 1696 monaehi

291 1729 607 1812 praedietiomittant.
655 1727 887 1791 Hiistestibus,
939 1727 1071 1809 [Names
1086 1725 1283 1809 notgiven.]

572 2308 698 2390 [Annon
721 2329 760 2371 oe
783 2311 1033 2392 (laonensnnn.]¹

295 2492 363 2557 [The
375 2493 460 2556 king's
472 2493 531 2541 writ
543 2494 569 2540 in
582 2494 673 2542 favour
689 2494 719 2542 ol‘
727 2494 772 2542 the
789 2496 868 2543 abbot
887 2496 915 2543 of
936 2496 1089 2544 Gloueestar
1105 2497 1132 2543 in
1152 2499 1256 2558 mspeet
1274 2497 1305 2546 of

486 2577 601 2620 cnstoms
612 2571 664 2619 and
677 2573 788 2621 services
800 2573 907 2620 claimed
919 2574 1022 2634 against
1034 2572 1109 2636 him]

298 2713 481 2791 Hnnnmos,
507 2711 567 2775 Dei
593 2711 698 2796 gratia
722 2734 775 2775 rex
794 2711 920 2794 Angliae
945 2721 978 2776 et
1004 2713 1069 2776 dux
1096 2713 1302 2777 Normanniae

296 2830 329 2888 et
344 2847 447 2887 eomes
463 2822 668 2906 Andagaviae,
684 2823 760 2887 Adae
784 2823 822 2887 de
846 2825 934 2901 Port,
959 2823 1102 2888 salntem.
1148 2824 1302 2889 Prohibeo

296 2934 357 2997 tibi
389 2957 427 2998 ne
454 2934 572 3018 injuste
602 2957 706 3013 vexes,
733 2933 783 2998 vel
813 2935 919 2999 vexari
948 2935 1123 3019 permittam
1153 2935 1301 2999 abbatem

298 3043 502 3108 Gloueostriae
517 3045 555 3107 de
570 3044 667 3108 libero
683 3051 863 3108 tenemento
880 3067 935 3109 suo
950 3044 988 3108 de
1005 3045 1174 3124 Litletoue‚
1190 3067 1247 3109 nee
1261 3046 1301 3110 ab

297 3178 333 3218 eo
357 3155 429 3219 inde
457 3156 575 3237 exigas,
599 3156 648 3220 vel
674 3156 758 3240 exigi
785 3156 959 3239 permittas»,
984 3156 1223 3221 eonsuetudines
1252 3157 1302 3221 vel

299 3264 427 3328 servitia
442 3289 510 3348 qnae
526 3265 597 3328 inde
614 3267 711 3330 faeere
727 3289 790 3330 uon
806 3266 917 3331 debeat
927 3266 976 3330 vel
992 3267 1119 3341 solebat,
1135 3290 1190 3332 nee
1205 3267 1302 3331 ullam

297 3374 325 3438 ei
341 3373 413 3436 inde
428 3375 580 3456 injuriam
590 3377 640 3438 vel
657 3375 834 3439 molestiam
849 3377 944 3441 facias
960 3385 1017 3441 aut
1031 3399 1212 3460 gravamen.
1258 3380 1305 3443 Et

298 3485 359 3547 nisi
382 3485 488 3548 seceris
505 3486 675 3549 vicecomes
691 3488 728 3549 de
746 3488 1010 3573 Suthamptesyia
1037 3489 1141 3566 faeiat,
1166 3513 1205 3554 ne
1231 3490 1304 3555 inde

298 3595 433 3678 amplius
449 3595 615 3658 clamorem
634 3595 757 3658 audiam
776 3620 832 3679 pro
849 3598 971 3662 defectu
997 3601 1073 3663 reeti
1088 3600 1139 3665 vel
1158 3601 1302 3684 justit-ie.

299 3708 390 3771 Teste
406 3713 464 3771 ete.
518 3707 636 3791 [Name
653 3714 709 3770 not
724 3707 846 3791 given]

496 3982 503 4015 ¹
524 3984 538 4030 1
551 3983 644 4031 Chion.
657 3983 725 4031 Mon.
739 3983 828 4032 Gloue.
841 3985 890 4033 ³88
900 3986 971 4045 (Rea.
985 3987 1078 4049 Com).
