3000 4972
231 529 292 592 134
475 544 608 589 nnaclm
630 541 982 588 anano-uoauauuioa

229 697 341 776 doniso,
356 703 389 763 et
403 696 510 762 abbati
526 696 705 768 Vincentio,
722 701 754 760 ct
769 694 915 759 omnibus
926 691 1093 756 abbatibus
1107 711 1227 752 succes·

228 810 350 874 soribus
380 808 454 887 suis,
490 815 522 872 et
559 808 721 872 monachis
757 806 873 871 ibidem
907 807 975 869 Deo
1007 802 1227 879 servientibus,

226 920 424 984 hundredum
450 920 488 983 de
513 918 712 996 Hornimera,
734 919 805 1001 jure
826 924 977 1000 perpetuo
1001 914 1171 979 tenendum
1196 917 1229 976 et

226 1030 405 1095 habendum
422 1029 467 1094 eis
481 1034 514 1093 et
529 1029 676 1092 omnibus
698 1027 923 1091 successoribus
939 1025 1014 1104 suis,
1036 1025 1069 1087 in
1084 1023 1229 1107 legitima

227 1146 260 1206 et
283 1141 443 1205 liberrima
463 1145 619 1224 potestate
642 1161 698 1202 sua
720 1144 752 1202 et
762 1138 901 1220 justitia,
924 1138 1007 1201 sicut
1021 1134 1228 1199 Eaduuardus

226 1274 281 1316 rex
296 1251 475 1336 Anglorum
491 1250 578 1314 dedit
592 1256 625 1314 et
639 1249 792 1313 concessit
805 1249 960 1332 praedictae
974 1247 1117 1324 ecolesiae,
1127 1252 1159 1309 et
1173 1266 1229 1327 per

226 1369 343 1426 cartam
360 1384 451 1425 suam
473 1360 683 1440 confirmavit,
699 1382 794 1443 quam
816 1382 920 1422 coram
939 1365 1038 1422 meet
1060 1356 1228 1420 baronibus

227 1470 305 1535 meis
320 1472 433 1537 lectam
446 1495 511 1537 esse
523 1472 692 1550 testificor,-
717 1479 749 1535 et
761 1471 842 1534 sicut
854 1476 942 1553 pater
951 1492 1039 1533 meus
1048 1467 1228 1531 Willelmus

226 1605 281 1647 rex
299 1583 382 1646 dona
405 1583 570 1647 Eadwardi
586 1583 669 1667 regis
691 1605 746 1665 per
770 1589 888 1645 cartam
911 1603 1001 1644 suam
1022 1578 1174 1643 concessit
1196 1584 1229 1642 et

227 1694 447 1758 corroboravit.
492 1694 537 1756 Et
553 1693 623 1757 volo
643 1700 677 1756 et
694 1693 825 1756 firmiter
840 1691 993 1776 praecipio,
1018 1697 1054 1754 ut
1078 1690 1173 1754 abbas
1196 1696 1228 1754 et

226 1803 372 1866 monachi
395 1810 562 1887 praesentes
587 1811 620 1868 ct
645 1804 747 1867 suturi
771 1803 956 1887 praedictum
980 1802 1178 1866 hundredum
1193 1801 1227 1864 in

227 1935 311 1997 pace,
328 1919 360 1976 et
372 1915 484 1997 quiete,
500 1920 532 1978 et
556 1914 722 1979 honorifice
737 1921 876 1992 teneant,
892 1936 963 1978 cum
987 1914 1132 1977 omnibus
1154 1936 1227 1976 con-

228 2023 446 2086 suetudinibus
462 2030 494 2088 et
506 2024 752 2106 quietationibus
767 2025 840 2102 suia,
854 2048 926 2088 cum
942 2025 1055 2108 quibus
1070 2024 1181 2089 melius
1196 2028 1228 2088 et

228 2132 440 2196 honorabilius
476 2139 647 2197 tenuerunt
680 2140 819 2217 tempore
850 2135 1070 2217 praedictorum
1098 2158 1206 2217 regum
1217 2161 1226 2212 3

226 2243 355 2321 scilicet,
371 2244 453 2326 quod
469 2245 574 2308 nullus
590 2245 760 2309 vicecomes
776 2246 825 2310 vel
835 2269 941 2310 eorum
957 2247 1095 2311 ministri
1110 2247 1181 2311 inde
1196 2270 1228 2310 se

228 2354 394 2438 quicquam
420 2356 647 2435 intromittant,
672 2358 725 2421 sed
749 2357 809 2441 ipsi
836 2356 931 2421 libere
957 2357 1115 2441 justitiam
1140 2379 1228 2420 suam

227 2465 424 2530 habeantne
450 2466 578 2530 faciant.
623 2466 779 2545 Testibus,
802 2468 926 2551 Rogero
952 2468 1094 2551 episcopo
1120 2469 1227 2532 Sanes-

226 2575 329 2654 beriae,
344 2575 522 2640 Alexandro
546 2577 688 2661 episcopo
714 2578 895 2656 Lincolniae,
919 2586 950 2642 et
977 2578 1129 2642 Gaufrido
1155 2601 1228 2643 can-

228 2686 363 2764 cellario,
380 2687 517 2751 Roberto
541 2687 580 2750 de
605 2686 728 2771 Sigillo,
744 2693 775 2751 et
800 2687 929 2771 Nigeilo
952 2696 1066 2772 nepote
1081 2689 1227 2773 episcopi,

228 2803 260 2862 et
275 2797 438 2861 Willelmo
454 2797 492 2861 de
508 2797 666 2875 Albincio,
682 2806 715 2862 et
730 2798 869 2863 Robcrto
883 2798 921 2863 de
944 2799 1021 2877 Oili,
1036 2807 1068 2863 et
1091 2799 1229 2863 Radulfo

228 2908 349 2984 Basset,
367 2914 399 2972 et
415 2908 568 2971 Gaufrido
579 2908 618 2973 de
634 2909 776 2986 Clinton,
792 2917 826 2974 et
840 2909 1002 2974 Willelmo
1017 2910 1055 2974 de
1072 2913 1181 2990 Ponte,
1196 2920 1230 2976 et

227 3017 350 3082 Milone
366 3017 403 3081 de
419 3017 619 3098 Cloecestria,
633 3025 666 3084 et
681 3020 809 3085 Albrico
824 3021 862 3084 do
877 3020 953 3098 Ver,
968 3028 1001 3084 et
1015 3021 1176 3085 Willclmo
1191 3022 1230 3086 de

228 3127 374 3192 Albineio
387 3128 530 3207 Britone,
546 3135 578 3193 et
594 3130 728 3194 Ricardo
745 3132 856 3195 Basset
865 3158 874 3209 ;
898 3133 981 3216 apud
996 3132 1206 3197 Lundoniam.

272 3343 439 3423 Henricus,
464 3367 518 3407 rex
544 3345 681 3427 Angliae,
704 3347 846 3430 episcopo
874 3347 1063 3427 Salesberiae,
1090 3354 1122 3410 ct
1146 3347 1228 3411 vice·

227 3453 347 3531 comiti,
363 3460 395 3516 et
415 3453 608 3535 justiciariis
625 3462 656 3517 et
681 3456 826 3519 omnibus
842 3457 1009 3521 baronibus
1031 3465 1064 3521 et
1086 3458 1229 3523 fidelibus

228 3563 293 3625 suis
324 3562 362 3625 de
393 3563 602 3640 Berchescira‚
629 3565 771 3630 salutem.
820 3567 934 3631 Sciatis
965 3591 1014 3631 me
1044 3570 1229 3633 concessisse

228 3672 362 3737 ecclesian
381 3673 504 3736 Sanctae
520 3673 632 3736 Mariae
649 3676 862 3754 Abbendonae,
878 3685 909 3741 ct
925 3679 1032 3741 abbati
1048 3679 1229 3757 Vincentio,

228 3788 261 3848 et
284 3781 456 3860 monachia,
472 3789 644 3846 mercatum
669 3784 881 3863 Abbendonae,
898 3788 980 3852 sicut
1002 3789 1130 3853 ccclesia
1151 3813 1228 3873 prae-

228 3892 322 3966 dicta,
333 3899 365 3955 ct
380 3892 519 3970 abbates,
529 3897 561 3955 et
573 3892 833 3977 ipchiucentius
845 3896 950 3975 abbae,
963 3899 1074 3962 melius
1089 3923 1229 3983 unquam

227 4009 261 4068 et
275 4002 405 4066 liberius
420 4001 607 4080 habueiunt,
624 4014 656 4068 ct
671 4005 720 4069 die
736 4029 797 4088 qua
811 4007 968 4071 abbatiam
987 4011 1135 4094 praedicto
1147 4013 1229 4075 Vin·

227 4112 331 4178 centio
353 4112 433 4191 dedi,
450 4119 482 4176 ct
504 4115 593 4194 bene,
610 4123 643 4179 et
665 4116 698 4179 in
718 4139 802 4200 pace,
818 4125 850 4181 ct
872 4119 1050 4200 honorifice,
1066 4130 1099 4186 ct
1124 4123 1229 4206 quiete

226 4230 365 4289 teneant.
421 4224 577 4303 Testibus,
618 4227 742 4311 Rogero
782 4213 927 4315 episcopo
965 4232 1158 4311 Seresberiae,
1196 4240 1229 4298 et
