3000 4972
246 553 287 614 82
491 570 624 616 amorra
646 571 1001 623 axum-uoauaxrucs.

245 722 328 787 comi
342 722 437 788 vultu
460 722 561 803 audit,
575 729 608 788 et
630 725 842 809 amplectitur,
858 727 1002 790 auditum
1025 726 1086 791 sibi
1107 727 1248 810 praestari

244 834 352 919 paucis
367 840 522 919 precatur.
557 837 703 919 Loquens
718 859 793 920 ergo
808 838 925 902 obtulit
940 862 972 903 se
988 839 1038 903 vel
1053 844 1248 903 sacramento

244 945 295 1011 vel
319 946 381 1011 alia
404 969 500 1031 quam
525 948 630 1032 magis
655 948 807 1033 eligerent
833 950 1040 1015 ecclesiastica
1066 950 1147 1035 lege,
1174 973 1245 1035 pro·

244 1058 390 1124 baturam
416 1058 523 1122 solidae
549 1058 678 1125 veritati
703 1061 870 1126 subnixam
897 1085 962 1127 esse
985 1062 1053 1145 jam
1083 1061 1246 1126 delinitam

244 1168 399 1233 rationem
414 1173 525 1235 suum.¹

322 1861 407 1941 [Tua
431 1861 522 1925 Kruo
544 1884 571 1926 o.
596 1860 728 1926 Rosam
750 1860 869 1926 Manm
889 1880 927 1925 aa
949 1880 999 1925 aa.
1048 1857 1170 1940 1102.]²

585 2022 679 2088 [Fines
689 2021 741 2073 and
752 2022 902 2087 cattam]

243 2174 343 2238 Aurio
367 2173 406 2237 ab
432 2174 648 2239 incarnatione
673 2173 805 2240 Domini
829 2174 958 2254 MCII.,
985 2171 1156 2238 indictione
1171 2170 1244 2248 lx,

244 2285 413 2364 Henricus,
428 2307 484 2348 rex
498 2285 688 2368 Anglorum,
704 2308 779 2370 pace
793 2308 865 2349 cum
882 2286 1043 2350 Rodberto
1065 2285 1163 2348 fratre
1188 2303 1244 2346 suo

243 2393 337 2474 facta,
351 2395 385 2458 in
412 2417 509 2478 regno
533 2395 738 2459 confirmatus
762 2400 821 2475 est,
836 2403 870 2461 et
884 2419 977 2480 super
991 2395 1175 2480 proditores,
1190 2391 1244 2476 qui

242 2511 383 2591 tempore
406 2506 602 2571 necessitatis
628 2529 691 2570 suae
717 2507 860 2590 nequiter
883 2506 923 2570 ab
953 2505 1008 2571 illo
1037 2504 1244 2582 desciverant,

242 2617 396 2702 paulatim
419 2617 528 2683 ulcisci
550 2623 680 2683 conatus
695 2623 754 2683 est.
799 2618 886 2682 Nam
902 2617 1111 2694 Rodbertum,
1126 2637 1243 2699 cogno-

241 2733 351 2793 mento
367 2728 524 2793 Maletum
541 2734 572 2794 et
588 2729 721 2793 Ivonem
736 2728 774 2794 de
795 2726 1085 2806 Grentemaisnilio,
1101 2726 1242 2791 Rodber·

241 2846 312 2903 tum
336 2839 374 2904 de
398 2838 611 2920 Pontefracto,
628 2838 728 2903 filium
756 2838 870 2903 Ilberti
885 2839 923 2902 de
939 2836 1063 2911 Laceio,
1079 2842 1112 2901 et
1132 2842 1244 2919 poten·

241 2951 354 3015 tiorem
378 2949 525 3013 omnibus
551 2948 626 3029 illis,
642 2950 838 3014 Rodbertum
862 2948 901 3014 de
925 2947 1083 3027 Belismo,³
1106 2946 1243 3030 aliosque

241 3061 441 3147 quamplures
466 3060 510 3123 ad'
539 3061 695 3145 judicium
720 3061 934 3139 summonuit;
968 3082 1025 3123 nec
1054 3059 1160 3138 simul,
1190 3057 1244 3122 sed

241 3172 419 3257 separatim,
437 3171 593 3256 variisque
612 3173 817 3256 temporibus,
833 3173 871 3238 de
895 3171 1091 3236 multimodis
1118 3169 1243 3234 violatae

241 3284 314 3348 fidei
328 3282 466 3348 reatibus
481 3283 700 3367 implacitavit.
747 3284 908 3349 Quosdam
924 3305 1041 3360 eorum,
1065 3281 1119 3366 qui
1145 3304 1178 3346 se
1204 3282 1243 3345 de

243 3394 368 3477 objecto
393 3393 525 3457 crimine
550 3416 686 3477 purgare
711 3417 774 3458 non
802 3400 958 3478 poterant,
973 3393 1098 3476 ingenti
1112 3392 1243 3477 pecunia

241 3503 475 3582 condemnavit,
490 3503 567 3568 alios
582 3527 665 3582 vero,
681 3527 759 3589 quos
782 3504 887 3589 magis
912 3511 1073 3589 suspectos
1095 3504 1243 3584 habebat,

241 3615 521 3699 irrecuperabiliter
535 3615 737 3679 exheredatos
752 3616 877 3680 exulare
892 3616 1045 3699 compulit
1047 3664 1217 3681 .....

286 3726 483 3790 Rodbertum
510 3724 548 3789 dc
572 3727 785 3804 Pontefracto,
801 3734 833 3791 et
857 3728 1053 3792 Rodbertum
1082 3727 1241 3790 Maletum

242 3836 369 3923 placitis
406 3834 578 3918 impetivit,
601 3841 634 3898 et
671 3835 842 3899 honoribus
879 3837 1068 3921 exspoliatos
1105 3845 1242 3902 extorres

242 3948 374 4033 expulit.
420 3947 552 4010 lvonem
589 3969 721 4030 quoque,
757 3947 831 4030 quia
868 3971 1015 4031 guerram
1051 3948 1086 4012 iu
1122 3948 1242 4033 Anglia

372 4134 378 4165 ¹
399 4133 453 4181 But
464 4135 509 4181 she
520 4148 574 4181 was
585 4133 640 4181 told
652 4134 711 4182 that
722 4133 795 4182 thore
806 4149 860 4182 was
871 4149 905 4181 no
916 4134 981 4181 need
991 4135 1021 4182 ot'
1029 4135 1090 4183 this.

371 4215 382 4248 ²
398 4214 487 4262 eom.
499 4215 578 4264 Vital.
593 4216 647 4271 161,
661 4216 708 4265 167
726 4216 839 4272 (Fronch
852 4215 921 4261 Hist.
936 4215 1011 4276 Soc).

370 4292 381 4324 ⁸
399 4292 534 4340 Outlawed
546 4307 607 4341 soon
621 4293 782 4341 afterwards.
818 4293 865 4340 Sec
876 4294 953 4352 infra.
