3298 5110
357 617 420 676 2b4
604 631 736 674 susurru
759 630 1105 676 sunno-uorsusmucs.

355 783 426 863 nire,
442 790 475 848 et
498 805 601 847 comes
616 783 821 866 Andegsviae‚
837 783 1084 860 vicecomitibus,
1099 790 1133 848 et
1157 782 1322 860 ministris,
1333 788 1370 846 et

356 893 566 977 burgensibus
590 895 654 958 suis
677 895 716 958 de
742 893 946 970 Gloucestria‚
975 893 1121 959 salutem.
1166 894 1312 958 Concedo
1334 903 1369 959 et

355 1005 505 1069 confirmo
530 1005 638 1069 abbati
662 1015 695 1070 et
724 1006 885 1071 monachis
911 1006 1021 1069 Sancti
1045 1006 1132 1070 Petri
1162 1005 1368 1070 Gloucestriae

356 1138 468 1200 aquam
499 1115 538 1180 de
568 1115 742 1180 Fulebroke
775 1139 843 1201 quae
872 1117 970 1181 currit
1000 1139 1055 1200 per
1084 1115 1245 1181 abbatiam
1275 1141 1365 1181 suam

355 1234 458 1292 totam
474 1226 603 1292 liberam
621 1234 654 1292 et
668 1227 821 1311 quietam.
868 1228 973 1293 Quare
999 1228 1071 1292 volo
1096 1235 1130 1292 et
1153 1228 1299 1312 praecipio
1324 1249 1366 1292 ue

357 1339 428 1424 quis
442 1338 586 1422 ejusdem
600 1361 728 1402 cursum
753 1361 841 1422 aquae
856 1338 1022 1419 retardare,
1037 1338 1088 1402 vel
1114 1338 1297 1416 distrahere,
1313 1339 1366 1402 vel

356 1449 434 1536 ipsis
448 1448 610 1513 monacbis
629 1449 702 1514 inde
721 1448 872 1533 iujuriam
893 1449 992 1512 facere
1014 1455 1195 1533 praesumat,
1211 1472 1304 1532 super
1319 1451 1363 1514 Χ.

356 1561 445 1627 libris
459 1560 673 1626 forisfacturae.
720 1561 793 1624 Hiis
808 1559 955 1626 testibus.
998 1561 1066 1644 [No
1082 1582 1190 1624 names
1205 1560 1328 1644 given]

407 2087 534 2171 [Ansor
555 2107 594 2150 ou
618 2088 832 2151 Gnouousrnn
846 2109 874 2150 c.
892 2087 975 2150 Mun
997 2106 1036 2151 ou
1061 2088 1317 2171 Gnoocnsrsn.]¹

361 2235 430 2300 [Tho
441 2236 530 2300 king's
541 2237 601 2285 writ
612 2236 794 2298 commendiug
806 2236 851 2284 the
862 2235 1003 2285 defendant
1014 2239 1042 2286 to
1052 2236 1147 2286 render
1157 2238 1203 2287 tho
1213 2241 1366 2300 customary

679 2318 779 2366 servios
790 2321 818 2366 to
829 2319 874 2366 tho
886 2317 1019 2382 plaintiffi]

361 2440 545 2518 Hnruucus,
572 2461 626 2503 rex
652 2437 864 2521 Angliae,dux
889 2438 1094 2502 Normauniae
1114 2445 1148 2503 et
1170 2437 1363 2523 Aquitauiae,

358 2556 392 2616 et
406 2573 509 2615 comes
524 2549 728 2635 Andegaviae,
745 2549 956 2634 burgensibus
971 2539 1094 2614 ribbotis
1110 2549 1312 2614 Gloucestriae
1324 2551 1364 2615 do

360 2662 567 2741 Gloucestris,
594 2661 737 2725 salutem.
797 2660 947 2744 Praecipio
979 2661 1068 2725 vobis
1105 2661 1188 2745 quod
1225 2662 1364 2727 reddatis

360 2773 469 2839 abbati
486 2772 700 2848 Glouccstriae,
717 2773 755 2837 de
771 2773 863 2837 terris
878 2795 956 2856 quas
970 2773 1009 2837 de
1024 2773 1092 2857 ipso
1111 2773 1237 2852 tenetis,
1254 2796 1364 2838 omues

360 2885 602 2951 consuetudines
617 2892 651 2950 et
666 2883 870 2949 rectitudines
884 2906 962 2967 quas
977 2884 1051 2948 inde
1065 2883 1214 2948 solebatis
1237 2885 1363 2950 reddere

360 3005 501 3081 tompore
517 2997 569 3060 nvi
581 2997 643 3060 mei
659 2996 741 3078 regis
755 2994 905 3059 Heurici:
930 2995 1056 3078 quiade
1077 2994 1140 3057 illis
1156 3017 1224 3078 quae
1250 2996 1289 3058 nd
1308 2997 1363 3078 jus

360 3109 494 3173 ecclesiae
520 3107 691 3192 pertinent,
719 3106 839 3170 nullum
862 3106 1079 3190 quietudinem
1105 3105 1195 3170 vobis
1212 3107 1361 3172 concessi.

363 3219 437 3282 Hiis
452 3218 595 3283 testibus.
637 3215 706 3303 [No
722 3239 830 3281 names
844 3217 965 3301 given]

623 3721 761 3805 [Morus
783 3741 822 3786 or
844 3722 1103 3807 Gnoucusrnn.]²

359 3864 427 3932 [The
448 3864 533 3928 king's
555 3863 617 3912 writ
642 3863 772 3926 directiug
794 3862 835 3911 his
859 3863 959 3911 officere
981 3867 1009 3912 to
1026 3867 1129 3926 protect
1152 3864 1197 3913 the
1219 3861 1312 3912 monks
1335 3861 1366 3911 of

517 3943 669 3993 Glouocstor
681 3943 708 3990 in
720 3943 766 3990 the
778 3942 925 4004 possession
936 3942 966 3990 os
974 3957 990 3990 s
1001 3943 1101 3992 certain
1113 3940 1206 4006 ποσὰ]

361 4066 544 4142 HunnlcUS,
568 4060 629 4126 Dei
649 4061 755 4145 gratia
778 4085 833 4126 rex
849 4061 986 4145 Angliae,
1001 4068 1035 4125 et
1060 4061 1125 4124 dux
1156 4057 1361 4124 Normanniae

358 4187 391 4242 et
405 4173 597 4260 Aquitanis,
614 4180 647 4238 et
669 4195 772 4238 comes
793 4171 999 4256 Andegaviae,
1014 4171 1198 4255 justiciariis
1221 4176 1255 4234 et
1277 4171 1361 4234 vioe-

423 4375 430 4404 ¹
450 4375 463 4422 1
476 4373 569 4422 Ghron.
583 4373 650 4422 Mon.
663 4371 752 4422 Glouo.
765 4371 813 4420 189
824 4371 897 4436 (Iton.
910 4368 1003 4432 Gom).
1120 4369 1129 4402 ²
1147 4370 1162 4415 2
1175 4369 1205 4416 Ib
1222 4367 1278 4414 141.
