3000 4972
674 551 783 596 uerri
805 551 829 596 1.
1208 531 1248 593 91

268 730 426 818 [curren
458 750 499 796 or
534 733 585 795 Sr.
620 731 722 795 Mirr
759 748 799 794 or
830 730 1008 794 Armenorr
1039 750 1067 793 v.
1100 727 1153 792 W.
1186 745 1229 790 rr

472 845 722 909 Morrrrrrcnrr.
768 840 1033 925 Arour1106.]¹

244 977 312 1044 [The
328 978 415 1043 ringis
430 979 491 1028 writ
509 978 639 1041 directing
656 979 802 1041 promerion
820 978 850 1027 of
862 979 908 1027 tho
922 976 1020 1026 ehuroh
1036 975 1065 1026 oi
1082 976 1121 1026 St.
1134 975 1210 1040 Mery
1223 975 1251 1024 in

610 1056 686 1105 lande
697 1059 726 1104 at
738 1054 876 1121 hengley]

246 1196 430 1275 Hermone,
454 1217 509 1259 rex
541 1193 680 1278 Angliae‚
702 1193 757 1260 W.
790 1193 830 1258 de
856 1192 1078 1271 Moniefieheb,
1105 1192 1249 1258 salutem.

245 1308 400 1372 Permitte
414 1330 481 1372 esse
496 1306 529 1371 in
544 1329 619 1391 pace
634 1312 752 1371 terram
766 1306 805 1370 de
822 1306 1005 1390 Langeleia,
1020 1328 1116 1393 quam
1140 1307 1251 1390 regina

246 1419 419 1498 Mathilda,
450 1440 529 1482 uxor
559 1439 639 1496 mea,
668 1417 757 1481 dedit
786 1415 821 1479 in
857 1415 1086 1501 eleemosynam
1125 1417 1251 1482 Sancta)

246 1529 358 1595 Mariae
373 1530 411 1593 de
422 1526 641 1607 Abbendonia,
656 1527 740 1592 sieut
754 1526 866 1591 meiius
880 1549 1033 1613 umquam
1048 1526 1111 1591 fuit
1126 1526 1159 1590 in
1174 1550 1251 1612 paee

245 1644 386 1724 tempore
415 1637 618 1703 antecessoris
648 1637 709 1715 tui,
733 1642 767 1701 et
795 1635 946 1723 quiequid
975 1635 1047 1701 inde
1074 1660 1167 1723 super
1190 1638 1250 1704 hoe

245 1748 366 1833 cepisti,
381 1747 486 1814 redde.
529 1747 575 1811 Et
589 1745 652 1811 nisi
667 1745 786 1825 feceris,
799 1744 991 1810 Willielmus
1002 1745 1040 1810 de
1050 1748 1251 1813 Boehelanda

246 1857 342 1924 faeiat
356 1857 435 1937 fieri,
451 1881 490 1923 ne
505 1857 633 1922 audiam
648 1856 723 1922 inde
740 1856 908 1921 clamorem
923 1855 1060 1940 amplius
1074 1879 1131 1942 pro
1150 1880 1250 1942 penu·

245 1969 293 2034 ria
312 1969 390 2034 recti
411 1975 444 2033 et
464 1969 607 2054 justitie.
653 1969 746 2034 'Peste
770 1967 902 2053 Nigello
928 1967 967 2033 de
1000 1967 1113 2033 Albini
1120 1995 1131 2048 ς
1165 1969 1249 2055 apud

245 2079 476 2165 Walingeford.

402 2617 530 2703 [Arbor
552 2617 708 2682 Firmus
730 2637 759 2681 v.
783 2615 924 2681 Gonrrc.
970 2616 1055 2680 1106
1067 2615 1113 2700 ?]²

246 2778 314 2844 [The
336 2779 423 2842 king'e
440 2779 502 2828 wrib
522 2777 677 2841 oonflnning
697 2775 757 2825 title
776 2778 804 2824 bo
821 2775 898 2825 lande
917 2779 947 2825 ab
965 2775 1111 2836 winkfleld,
1132 2774 1184 2826 and
1205 2789 1249 2824 en·

540 2855 643 2920 joining
654 2871 671 2904 a
682 2855 736 2904 suit
747 2855 783 2917 by
796 2853 914 2919 Goaria]

246 2983 430 3060 Hermone,
460 3004 513 3046 rex
549 2979 686 3064 Anglire,
714 2978 849 3061 Hugoni
886 2978 925 3043 de
966 2978 1177 3058 Bochelanda‚
1216 2983 1250 3045 ei

245 3095 392 3173 Godrico,
407 3100 441 3157 et
455 3091 624 3156 baronibus
639 3090 677 3154 de
693 3089 904 3169 Bercheseira,
922 3089 1051 3153 Francis
1073 3095 1106 3153 eb
1120 3088 1248 3172 Anglie,

244 3205 390 3269 salutem.
435 3203 518 3267 Volo
533 3208 566 3267 et
586 3201 733 3286 proeeipio
748 3207 785 3264 ut
799 3199 928 3264 eeclesia
944 3201 1067 3264 Sanetae
1082 3200 1196 3265 Mariae
1211 3200 1250 3266 de

245 3315 443 3379 Abbendona
457 3313 571 3377 habeat
586 3318 619 3376 eb
633 3316 741 3377 teneat
756 3315 872 3375 terram
888 3334 977 3375 suam
988 3311 1026 3376 de
1035 3311 1249 3392 Winlrefelda,

245 3449 318 3491 eum
333 3425 480 3490 omnibus
502 3423 564 3488 sibi
578 3422 820 3506 pertinentibus,
836 3422 884 3486 iia
898 3422 987 3502 bene,
1012 3427 1045 3487 et
1068 3422 1248 3501 honorifice,

245 3543 279 3602 eb
298 3537 332 3600 in
347 3536 436 3599 firma
451 3557 536 3620 paee,
552 3533 635 3598 sieut
649 3532 761 3596 melius
775 3555 845 3597 eam
860 3532 965 3597 tenuit
987 3538 1127 3617 tempore
1148 3533 1249 3617 patrie

245 3647 319 3726 mei,
347 3654 380 3710 et
409 3645 516 3709 fratris
547 3643 618 3708 mei.
663 3643 708 3706 Et
738 3643 882 3726 praeeipio
907 3649 945 3706 ui
970 3643 1128 3707 calumnia
1150 3665 1248 3728 quam

247 3755 403 3821 Godn‘eus
426 3754 612 3840 praepositus
630 3753 668 3818 de
683 3752 900 3818 Windresores
927 3775 1109 3837 supeream
1130 3759 1248 3818 terram

245 3867 351 3947 faeiat,
360 3867 398 3931 de
408 3867 489 3941 haia,
501 3865 631 3929 omnino
646 3869 679 3927 et
689 3862 913 3948 perpetualiter
929 3869 1099 3928 remaneat.
1144 3863 1247 3928 'resti-

245 3979 304 4043 bus
316 3979 441 4060 Rogero
456 3976 573 4060 Bigod,
585 3981 618 4040 eb
630 3972 817 4039 Grimbaldo
832 3971 973 4051 medico3
989 3972 1072 4057 apud
1087 3973 1247 4038 Norbam-

244 4096 364 4156 bonam.

339 4247 346 4280 ¹
364 4248 380 4295 2
392 4245 463 4296 Hirb.
475 4245 545 4295 Mon.
556 4243 670 4308 Abingd·
682 4240 715 4294 77
727 4242 801 4302 (Ber.
813 4239 905 4300 Gom).
1048 4240 1059 4274 ²
1077 4240 1116 4289 lb.
1123 4238 1165 4290 87.
