3000 4972
251 532 310 592 116
494 549 626 593 amorra
650 550 1001 594 suono-nonnaruuca,

246 722 279 763 se
305 722 369 763 non
402 700 508 764 minus
539 701 713 785 procaciter
745 724 841 785 quam
873 701 1064 766 mendaciter
1088 702 1255 786 'haeredem

246 810 455 874 contendebat
501 834 586 888 esse;
628 811 824 893 justissime3
883 813 999 898 quippe
1047 814 1103 898 qui
1150 814 1251 878 filiam

246 920 388 984 defuncti
424 922 595 1004 conjugem
633 921 799 999 habuerit3
826 923 993 1005 adoptatus
1030 923 1069 987 ab
1107 925 1249 1009 ejusdcm

246 1039 335 1114 patre
358 1031 435 1094 dum
463 1031 582 1095 viveret
605 1031 639 1093 in
664 1031 785 1110 filium;
808 1041 931 1116 patrem
956 1056 1028 1098 vero
1052 1057 1114 1098 non
1130 1037 1249 1119 stipen-

246 1141 353 1216 diarie,
371 1150 407 1206 ut
422 1141 600 1225 oppositum
616 1150 674 1220 est,
690 1142 745 1205 sed
761 1143 856 1207 liberc
872 1145 976 1228 potius
998 1155 1029 1209 et
1052 1146 1249 1211 haereditarie

246 1261 363 1318 terram
385 1254 425 1317 dc
446 1275 509 1338 qua
532 1253 653 1337 questio
675 1260 742 1316 erat
773 1253 920 1317 tenuisse.
967 1255 1099 1338 Cunque
1129 1256 1250 1320 diutius

245 1365 339 1428 variis
362 1364 402 1427 ab
429 1363 617 1428 alterutrum
644 1363 945 1429 contradictionibus
969 1388 1062 1429 causa
1083 1367 1248 1450 protende·

244 1483 340 1556 retur,
364 1475 448 1538 dixit
478 1473 650 1558 episcopus.
691 1474 776 1540 Quia
801 1475 867 1538 dies
894 1477 1042 1558 praeterit,
1068 1487 1100 1541 et
1129 1477 1168 1540 ad
1192 1499 1249 1541 nos

243 1587 306 1650 alia
320 1592 465 1670 spectant
492 1586 629 1669 negotia,
644 1585 748 1670 placet
763 1592 801 1649 ut
817 1609 872 1650 vos
897 1611 974 1671 quos
1001 1610 1057 1653 nec
1083 1589 1249 1654 advocatos

244 1721 301 1763 nec
315 1699 455 1783 partium
471 1697 609 1762 fautores
624 1721 690 1761 csse
706 1699 913 1780 cognovimus
928 1722 1056 1763 causam
1080 1700 1249 1785 diligenter

243 1809 470 1896 perpendentes
486 1832 547 1893 quo
562 1809 698 1873 termino
713 1810 809 1893 sopiri
825 1810 938 1875 debeat
951 1812 1110 1894 judicetis.
1157 1814 1248 1876 Sece-

243 1920 352 1984 dentes
388 1919 488 2003 igitur
525 1942 544 1982 a
580 1918 673 1982 turba
710 1918 763 2002 qui
801 1921 937 2002 majores
967 1930 1045 1985 natu
1076 1921 1131 2007 qui
1167 1923 1248 2007 juris

243 2030 403 2116 peritiores
417 2052 483 2093 esse
499 2029 695 2109 videbantur,
712 2030 838 2114 singula
858 2032 954 2114 juxta
976 2033 1059 2116 quod
1082 2032 1248 2097 audierant

244 2139 402 2205 subtiliter
426 2147 458 2204 et
482 2140 615 2203 discrete
638 2147 807 2223 pensantes
834 2163 959 2205 causam
985 2142 1246 2225 dijudicaverunt.

135 2297 138 2303 -
246 2250 372 2317 Quibus
392 2250 506 2314 iterum
530 2250 741 2333 introgressis,
758 2250 802 2315 sic
828 2251 921 2315 unius
945 2275 996 2316 ore
1020 2276 1075 2336 pro
1101 2254 1247 2318 omnibus

245 2363 379 2427 relatum
400 2367 457 2425 est.
504 2360 754 2438 Considerantes,
771 2361 887 2446 inquit,
904 2368 1005 2426 totam
1029 2364 1125 2448 hujus
1147 2387 1247 2429 causae

244 2472 513 2540 circumstantiam
540 2471 598 2535 hoc
622 2471 813 2536 diffinientes
837 2473 1017 2552 statuimus,
1033 2482 1070 2538 ut
1093 2476 1246 2541 haeredem

239 2585 311 2669 jure
335 2583 391 2669 qui
416 2606 448 2646 se
475 2581 619 2645 nominat
644 2580 677 2645 id
702 2582 786 2665 quod
801 2583 834 2645 in
850 2583 1053 2647 assertionem
1070 2608 1133 2649 suaa
1148 2608 1247 2651 causae

244 2694 337 2780 paulo
369 2701 442 2758 ante
474 2692 672 2771 declamavit,
694 2693 825 2756 testibus
858 2693 897 2757 ad
929 2694 1036 2758 minus
1066 2696 1187 2761 duobus
1209 2697 1247 2762 de

243 2805 377 2872 ecclesias
404 2804 523 2868 familia
548 2802 654 2867 liberis
678 2809 711 2867 et
736 2802 890 2887 legitimis
910 2805 1001 2870 hodie
1027 2807 1199 2871 nominatis
1213 2815 1248 2872 et

244 2925 356 2982 octavo
381 2914 553 3001 productis,
577 2912 629 2977 vel
657 2915 853 2999 cyrographo
886 2915 1077 2980 credibiliter
1109 2918 1246 3001 signato,

244 3026 503 3110 irrefragabiliter
527 3025 646 3108 probet.
692 3028 739 3088 At
764 3026 798 3088 in
822 3033 954 3110 utroque
978 3027 1004 3090 si
1029 3028 1184 3105 defecerit,
1207 3051 1247 3093 nc

245 3137 371 3223 quidem
394 3136 541 3199 audiatur
562 3135 595 3198 in
611 3135 777 3219 reliquum.
825 3137 1097 3220 Respondentibus
1119 3138 1158 3202 ad
1181 3139 1246 3204 haec

245 3247 391 3312 omnibus
406 3246 541 3329 dignum
568 3252 599 3309 et
618 3245 741 3327 justum
765 3269 840 3325 esse,
856 3248 1086 3333 calumpniator
1100 3249 1244 3313 obticuit.

245 3360 275 3422 A
298 3357 384 3421 curia
405 3357 574 3420 discessum
606 3361 664 3420 est.
710 3358 792 3421 Acta
814 3367 889 3421 sunt
911 3358 976 3423 hac
1009 3382 1092 3424 anno
1115 3360 1246 3424 Domini

244 3468 428 3544 MCXXI.;
451 3466 657 3550 praesentibus
683 3475 715 3531 et
738 3468 822 3552 quod
845 3469 969 3553 justum
997 3477 1045 3534 est
1070 3472 1245 3556 approban-

243 3578 330 3643 tibus
356 3575 508 3661 episcopis
533 3574 666 3654 duobus,
695 3577 841 3642 Johannc
858 3580 1013 3643 Bathensi
1039 3590 1072 3645 et
1087 3582 1245 3646 Mauricio

246 3687 470 3765 Hiberniensi3
494 3709 567 3751 cum
589 3688 815 3752 archidiaconis
837 3691 950 3770 tribus,
967 3692 1077 3756 Johele
1101 3693 1244 3756 Salesbe·

243 3798 349 3877 riensi,
365 3804 397 3862 et
423 3797 573 3862 Girberto
598 3799 761 3878 Bathensi,
792 3806 824 3864 et
862 3801 992 3881 Araldo,
1016 3825 1088 3867 cum
1123 3804 1244 3868 clericis

242 3911 386 3997 pluribus
401 3918 435 3974 et
450 3909 638 3993 capellanis3
662 3910 809 3974 Atselino
834 3912 968 3990 Hosato,
986 3914 1132 3979 Girberto
1149 3914 1244 3994 Rufo,

244 4021 382 4088 Radulfo
415 4021 571 4097 Lauduni,
608 4020 746 4085 Henrico
780 4023 817 4086 (le
849 4023 989 4100 Lidiard,
1012 4024 1173 4090 Rodberto
1207 4027 1246 4090 de

244 4137 391 4212 Betuna;
440 4133 552 4197 horum
594 4137 690 4197 testes
726 4139 813 4212 sunt,
851 4135 1006 4200 Patricius
1049 4137 1087 4201 de
1132 4137 1244 4215 Caura,

244 4247 407 4312 Hubertus
431 4245 469 4309 de
494 4245 609 4308 Sancta
636 4245 792 4324 Susanna,
808 4244 1020 4313 Wincbaldus
1045 4249 1083 4312 de
1109 4247 1245 4327 Baalun,
