3000 4972
298 538 340 597 42
551 553 684 598 annona
707 553 1056 601 anano-noanneane.

297 705 336 770 de
368 705 516 785 warena,
544 705 582 770 do
609 705 703 771 feudo
733 707 897 787 Fredcrioi,
926 709 954 773 1.
980 708 1060 774 liber
1097 708 1206 790 horno,
1232 709 1302 776 ideo

299 816 383 900 quod
397 824 574 882 antecessor
588 819 654 901 ejus
669 819 716 883 ita
730 819 845 899 tenuit,
861 820 945 905 quod
960 843 1024 884 non
1039 826 1146 905 posset
1161 821 1300 886 recedere

298 949 318 991 a
343 933 427 992 terra
452 928 515 992 nisi
540 928 669 994 licencia
693 930 789 1007 illius,
805 937 838 995 et
860 932 1000 996 hundret
1024 931 1083 995 hoc
1107 937 1252 1005 testatur,
1269 939 1303 996 ct

299 1037 427 1122 quidam
449 1039 553 1118 homo,
576 1041 748 1126 Drogonis,
770 1042 809 1105 de
839 1042 990 1106 Bevraria
1022 1043 1143 1106 Franco
1172 1043 1301 1107 nomine

298 1148 533 1234 calumpniatur
548 1151 635 1215 illam
652 1152 692 1215 ad
708 1152 834 1216 feudum
851 1152 971 1216 domini
986 1151 1047 1232 sui,
1057 1152 1095 1217 de
1110 1153 1191 1217 dono
1206 1154 1300 1237 regis,

298 1258 337 1322 de
373 1259 567 1340 liberatione,
593 1262 700 1326 dicens
736 1262 819 1347 quod
849 1268 1025 1327 antecessor
1054 1262 1122 1344 ejus
1150 1263 1300 1344 tenuerit,

301 1369 497 1449 Heinfridus,
514 1372 632 1436 scilicet
647 1380 788 1456 temporo
805 1373 959 1438 Frederici
975 1379 1008 1437 et
1022 1379 1094 1457 post
1108 1395 1181 1436 eum
1196 1373 1301 1437 tenuit

300 1481 408 1565 Drogo
439 1487 473 1546 et
502 1483 638 1548 hundret
670 1490 807 1549 testatur
838 1484 897 1547 hoo
930 1484 1013 1568 quod
1046 1483 1107 1567 ipsi
1128 1489 1301 1548 tenuerunt

299 1591 353 1656 scd
368 1592 505 1658 hundret
519 1617 584 1659 non
598 1596 684 1661 videt
700 1596 732 1659 in
748 1596 874 1661 brevem
891 1618 947 1660 nec
962 1595 1181 1660 liberatorem.l

306 2146 434 2229 [Lanos
455 2165 494 2209 on
509 2147 669 2209 Wnnrau
691 2166 731 2210 or
754 2149 917 2212 Wannnrr.
962 2150 1072 2213 Paeon
1098 2168 1139 2212 ar
1165 2149 1302 2212 Oeneae

720 2261 887 2341 ossanna]

347 2392 496 2457 Hunrlret
508 2392 635 2457 Gilhou.
668 2395 708 2458 In
719 2395 915 2459 Norbursam
927 2394 1010 2479 quod
1021 2400 1111 2459 tenet
1119 2394 1302 2459 Willelmus

301 2504 340 2569 de
366 2505 514 2584 Warena,
538 2505 642 2570 tenet²
677 2507 835 2571 Heraldus
864 2507 913 2572 II.
929 2506 1042 2572 liberos
1078 2506 1221 2570 homines
1264 2506 1302 2569 de

302 2617 331 2707 13
355 2622 499 2681 wracata
525 2623 616 2681 terrae
639 2618 834 2701 pertinentes
859 2616 899 2681 ad
915 2617 1118 2701 Saganaham
1147 2622 1180 2681 et
1209 2617 1302 2681 modo

301 2732 388 2818 tenet
411 2728 592 2793 Willelmus
616 2735 665 2794 set
688 2729 831 2795 homines
856 2729 905 2794 sui
926 2729 1074 2794 nesciunt
1088 2729 1253 2814 quomoda,
1269 2735 1302 2794 et

301 2837 440 2903 hundret
463 2844 600 2904 testatur
614 2862 676 2919 eos,
692 2840 855 2907 Willelmo
881 2839 964 2926 quod
987 2863 1027 2905 ex
1040 2840 1085 2905 eis
1100 2845 1149 2904 cst
1163 2839 1302 2904 saisitus.

303 2919 366 3016 s'ed
379 2951 473 3015 homo
487 2951 573 3035 rogis
581 2952 672 3017 offert
681 2952 839 3037 judicium
850 2953 932 3039 quod
948 2952 1150 3037 pertinebant
1159 2958 1300 3036 tempore

302 3065 386 3150 regis
401 3065 548 3128 Edwardi
562 3063 602 3128 ad
619 3066 831 3148 Saganaham.
875 3066 980 3129 Manu
994 3061 1102 3147 regis.³

304 3581 432 3662 [ulans
447 3600 486 3644 or
501 3581 593 3645 Enna
609 3580 735 3643 Rauen.
780 3578 890 3641 Paoor
904 3597 946 3643 ar
962 3581 1099 3644 Oannan
1118 3599 1161 3644 oa
1175 3578 1304 3644 Barrus

724 3691 892 3771 orreaan]

347 3827 441 3890 Hanc
479 3831 597 3889 terram
628 3825 676 3905 [in
706 3823 847 3906 Biskele]
878 3823 1113 3907 calumpniatur
1150 3825 1306 3890 Godricus

302 3936 433 4021 dapifer,
458 3958 513 4020 per
535 3934 696 3999 hominem
721 3956 814 3998 suum
834 3934 954 4019 juditio
978 3935 1028 3999 vel
1043 3934 1135 4014 bello,
1153 3936 1308 4002 Radulfus

303 4047 432 4126 scilicet,
448 4046 533 4133 quod
556 4045 661 4111 tenuit
684 4045 724 4110 ad
750 4045 880 4110 feudum
906 4045 1033 4111 comitis
1058 4047 1097 4111 R.
1115 4052 1147 4111 et
1168 4047 1308 4112 hundret

370 4289 645 4354 ¹2Doomsday,172.
723 4288 857 4339 ²tenuit?
933 4290 1144 4352 ³2Doomsday‚
1158 4289 1204 4339 172
1218 4288 1243 4336 b.
