3000 4972
631 558 739 602 nunni
763 560 801 604 11.
1151 541 1211 606 171

209 708 342 774 ecclesiae
371 708 493 789 intulit,
523 712 690 775 restaurari
718 712 884 796 juberent3
923 718 1046 776 servato
1074 711 1157 796 quod
1187 711 1214 775 si

209 821 293 885 idem
309 822 476 886 'Purstinus
491 822 595 901 vellet,
610 823 693 886 sicut
707 829 797 908 pater
811 825 881 907 ojus
896 829 928 886 et
946 823 1020 906 ipse,
1036 823 1213 888 manerium

209 932 403 996 Tadmertun
421 955 475 1017 per
498 931 641 1017 singulos
656 956 755 997 annos
771 957 827 1017 pro
843 933 918 997 XV.
935 934 1024 998 libris
1039 933 1077 998 de
1099 935 1213 999 abbate

208 1048 339 1107 teneret.
395 1042 520 1108 Quibus
557 1042 726 1126 diligenter
763 1044 914 1107 damnum
952 1045 1212 1130 computantibus

208 1152 330 1216 dictum
368 1158 416 1217 est
452 1176 564 1237 perum
593 1176 659 1218 esse
687 1155 713 1218 si
745 1156 914 1219 Turstinus
943 1179 999 1240 pro
1029 1157 1144 1221 damno
1174 1159 1213 1222 de

209 1265 420 1329 Tademertun
448 1265 519 1330 LX.
543 1287 672 1343 marcae,
697 1287 752 1348 pro
776 1266 891 1328 damno
918 1289 989 1331 voro
1005 1268 1149 1332 ecelesiae
1175 1269 1213 1333 de

209 1373 375 1438 Marcham
399 1380 432 1439 et
455 1375 593 1459 quinque
619 1376 774 1454 hidarum,
810 1399 887 1460 quas
910 1378 1122 1461 praediximus,
1145 1379 1212 1443 ΙΙΙ.

208 1506 338 1564 marcas,
367 1483 474 1549 abbati
504 1484 710 1568 persolveret;
748 1487 809 1550 nisi
839 1488 872 1550 in
903 1489 961 1551 hoc
990 1488 1074 1552 idem
1116 1489 1212 1553 abbas

208 1596 358 1659 Turstino
373 1618 496 1678 parcere
511 1595 671 1660 voluisset.
705 1597 875 1660 'furstinus
890 1604 1009 1677 antem,
1024 1621 1213 1683 cognoscens

208 1707 292 1790 quod
328 1707 356 1771 ei
394 1706 613 1791 imponebatur
643 1708 724 1771 vires
752 1730 825 1771 suas
854 1708 1010 1787 excedere,
1040 1715 1073 1774 et
1103 1710 1213 1774 villam

209 1823 315 1882 tenere
340 1823 372 1882 et
395 1840 451 1903 pro
467 1818 582 1881 damno
606 1818 688 1902 qnod
712 1819 818 1902 jussus
834 1825 901 1883 erat
915 1819 1088 1903 persolvere
1102 1843 1134 1886 se
1149 1844 1214 1886 non

209 1950 307 2013 posse,
345 1929 508 1994 indicavit.
555 1929 649 1993 Quod
686 1952 757 1993 cum
795 1930 862 2014 regi
899 1931 1085 1996 nuntiatum
1121 1940 1214 2012 esset,

208 2039 304 2124 jussit
329 2045 367 2103 ut
391 2039 487 2103 abbas
511 2040 555 2103 sic
578 2041 700 2118 villam,
723 2042 806 2106 sicut
836 2043 1008 2123 ecclesiam,
1033 2051 1066 2109 et
1095 2048 1212 2109 terram

209 2151 382 2235 praefatam,
397 2152 557 2236 reciperet,
572 2158 604 2216 et
618 2153 769 2218 Turstino
791 2155 841 2219 vel
865 2155 930 2219 suis
954 2158 1118 2223 heredibus
1142 2164 1214 2242 post

208 2261 299 2326 illum
313 2263 396 2326 diem
413 2262 491 2326 nihil
508 2263 714 2346 responderet.

211 2437 278 2503 [The
289 2438 366 2486 claim
377 2438 495 2486 ronewed
506 2439 541 2501 by
553 2438 666 2487 Riohard
684 2439 785 2498 Basset,
799 2454 845 2488 son
857 2439 887 2488 of
900 2440 1014 2500 Turstin‚
1027 2455 1061 2489 on
1078 2442 1123 2490 the
1134 2442 1214 2492 death

274 2516 305 2565 of
316 2516 363 2564 the
373 2515 460 2564 latter.
494 2517 549 2564 The
559 2517 646 2576 abbot,
658 2517 785 2576 however,
797 2519 901 2567 obtains
914 2533 930 2566 a
940 2520 1002 2567 writ
1013 2520 1142 2583 directing
1154 2521 1214 2570 that

274 2593 320 2640 the
332 2592 425 2641 monks
435 2593 497 2641 hold
507 2594 535 2641 in
552 2608 638 2654 peasa
649 2593 701 2641 and
719 2594 832 2642 Richard
851 2596 941 2644 makes
961 2597 1133 2658 composition
1149 2597 1215 2645 with

275 2670 320 2718 the
332 2668 468 2733 ohnroh.]¹

254 2799 407 2865 Ricardus
430 2801 537 2885 itaque
562 2803 674 2865 Basset
702 2799 797 2882 (filius
825 2802 978 2879 Turstini,
1002 2800 1060 2864 filii
1087 2801 1214 2866 Radulfi

209 2910 366 2995 praedioti)
406 2933 488 2988 cum,
525 2916 614 2996 patre
651 2915 787 2988 mortuo,
817 2912 905 2975 heres
941 2911 1146 2989 successisset,
1176 2913 1214 2976 de

210 3022 396 3106 supradictis
421 3023 506 3085 IIII.
523 3023 607 3086 hidis
631 3021 822 3085 calumniam
848 3023 959 3101 movit,
984 3022 1087 3086 multa
1110 3024 1213 3107 objec-

209 3133 295 3196 tione
325 3138 357 3196 et
387 3133 567 3197 curiositate
596 3156 704 3218 agens,
729 3139 767 3197 ut
790 3156 842 3198 eas
865 3135 905 3197 ad
929 3158 961 3199 se
989 3136 1026 3217 (si
1056 3137 1212 3220 quomodo

209 3247 323 3330 posset)
344 3245 525 3310 attraheret.
571 3246 736 3309 Versutias
751 3269 823 3310 vero
848 3247 917 3330 ejus
943 3247 1071 3310 fratres²
1098 3271 1211 3332 agnos·

208 3362 325 3434 centes,
362 3378 470 3439 regem
509 3357 684 3421 Henrieum
730 3359 899 3442 juniorem,
936 3365 1014 3423 tunc
1061 3362 1212 3446 temporis

208 3474 406 3552 regnantem,
422 3468 577 3548 adierunt,
593 3469 788 3553 postulantes
804 3476 841 3533 ut
856 3471 900 3534 eis
915 3494 987 3535 cum
1010 3495 1084 3555 pace
1105 3477 1211 3537 tenere

208 3579 324 3643 faceret
338 3579 423 3662 quod
436 3578 480 3643 cis
495 3581 580 3663 juste
595 3580 747 3643 donatum
763 3581 875 3644 fuerat.
901 3580 1045 3645 Quorum
1061 3583 1210 3667 petitioni

208 3690 345 3773 benigne
360 3712 513 3769 annuens,
524 3689 588 3754 tale
603 3689 695 3754 breve
711 3689 815 3773 sigillo
831 3714 887 3753 suo
903 3692 1065 3756 munitum
1076 3694 1211 3757 Ricardo

207 3800 342 3864 direxit:

253 3912 419 3985 Henrieus‚
458 3936 511 3976 rex
557 3911 696 3994 Angliae,
741 3918 775 3975 et
819 3912 884 3974 dux
926 3913 1130 3977 Normanniae
1177 3920 1209 3978 et

207 4023 397 4107 Aquitaniae,
408 4030 441 4087 et
455 4045 557 4087 comes
567 4021 770 4106 Andegaviae,
785 4022 919 4085 Ricardo
930 4023 1049 4095 Basset,
1065 4023 1208 4089 salutem.

415 4199 423 4231 ¹
441 4200 511 4248 Hist.
524 4200 593 4247 Mon.
605 4199 637 4246 de
649 4196 760 4259 Abingd.
773 4198 822 4246 188
834 4198 906 4259 (Rea.
920 4198 1013 4261 Com).

415 4278 425 4308 ¹
443 4276 496 4325 The
508 4276 602 4324 abbot'a
614 4275 745 4323 brethren.
