3000 4972
347 519 409 580 300
764 529 931 574 arrasum.

345 687 377 741 de
389 703 548 757 geraumma.
560 688 588 738 et
600 683 759 737 tantundem
767 682 850 736 modo
866 681 991 735 reddebat
1010 681 1115 751 Rogero
1133 681 1232 751 Bigoto
1253 690 1284 736 ut
1297 684 1357 753 ipse

345 773 500 844 praepositus
513 772 586 834 dicit,
599 771 644 824 sed
664 771 784 840 hogerus
802 768 868 823 dicit
886 769 956 840 quod
975 768 1100 823 reddebat
1112 768 1172 840 plus
1184 769 1242 823 XL.
1256 770 1358 824 solidos

345 859 378 913 ad
391 877 541 923 nnmerum,
554 862 581 911 et
594 876 673 911 unani
694 875 809 910 marcam
828 855 895 917 auri,
913 855 957 909 sed
970 855 1097 909 Alaricus
1114 856 1273 926 praepositus
1292 876 1357 911 con-

345 945 463 1008 tradicit,
476 951 503 998 et.
516 946 637 1015 Rogerus
651 944 709 997 vult
721 941 829 1013 probare
842 961 888 1012 per
902 942 960 995 illos
979 942 1099 995 homines
1113 942 1159 1013 qni
1171 942 1205 996 ad
1218 962 1280 996 suas
1293 963 1357 997 con·

346 1032 485 1087 ventiones
499 1033 613 1084 fuerunt.
634 1031 715 1084 hlodo
727 1030 813 1083 reddit
828 1030 872 1082 ille
885 1029 1010 1083 Alaricus
1024 1029 1081 1083 LX.
1096 1029 1175 1083 libras
1188 1030 1221 1083 ad
1229 1049 1355 1100 pensum,

347 1124 375 1174 et
396 1119 433 1172 sic
451 1122 525 1173 tenet
541 1118 573 1171 da
591 1136 652 1187 rege
669 1116 716 1170 tali
737 1116 909 1170 conventione
928 1116 998 1186 quod
1018 1116 1096 1170 debet
1115 1115 1199 1170 facere
1218 1117 1275 1185 regi
1293 1117 1356 1171 Lx.

346 1206 428 1260 libras
445 1205 477 1260 de
496 1205 660 1276 prehendet
678 1223 708 1258 ex
728 1204 776 1257 hoc
795 1207 900 1257 revocat
918 1222 1007 1273 regem
1025 1203 1059 1256 ad
1073 1209 1227 1266 warantum,
1241 1205 1278 1257 sie
1297 1205 1357 1274 ipse

348 1293 422 1355 dicit,
435 1296 462 1346 et
482 1292 548 1346 dicit
560 1292 642 1345 etiam
655 1291 725 1362 quod
744 1309 796 1345 non
809 1296 927 1344 remanet
946 1290 972 1343 in
993 1309 1023 1344 eo
1042 1289 1112 1360 quod
1131 1309 1184 1344 non
1204 1291 1267 1345 facit
1286 1290 1357 1345 illud

348 1380 502 1451 proficuum.
541 1379 581 1433 Ib.
594 1379 645 1434 287
660 1378 683 1432 b.

349 1663 496 1732 [Ennius
515 1665 668 1718 annuum.
716 1664 814 1717 Paoor
834 1679 872 1716 ar
890 1663 1009 1717 Onusta
1028 1679 1169 1718 orrsaan.
1207 1664 1356 1719 Vorenus

738 1768 772 1806 ro
791 1750 963 1820 wasme]

384 1855 466 1910 Hunc
485 1855 623 1909 Edricum¹
644 1854 746 1909 saisivit
765 1873 810 1908 rex
828 1853 977 1908 Edwardus
996 1854 1023 1908 in
1042 1873 1091 1909 sua
1102 1874 1182 1908 mann
1196 1860 1286 1926 postea
1300 1875 1356 1909 non

348 1941 414 1996 vidit
441 1942 558 1996 hundret
576 1949 606 1996 ut
630 1942 662 1995 ad
681 1942 809 1995 Edricum
828 1941 965 1995 dominum
984 1961 1063 1995 snum
1090 1942 1196 2005 rediret,
1215 1942 1261 1996 sed
1289 1950 1357 1998 tuno

346 2027 403 2097 ipse
424 2027 490 2082 dicit
507 2033 535 2083 et
553 2028 629 2082 offert
643 2028 773 2097 juditium
792 2029 861 2099 quod
880 2028 966 2092 rediit,
986 2033 1012 2082 et
1034 2028 1129 2083 liberos
1147 2029 1268 2083 homines
1286 2049 1356 2100 quos

347 2114 428 2168 habet
452 2114 501 2168 sub
525 2134 553 2168 se
577 2115 771 2170 commendatos
797 2120 878 2179 tenet,
902 2119 930 2170 ot
954 2135 985 2170 ex
1010 2116 1047 2169 eis
1073 2122 1176 2172 revocat
1206 2116 1356 2172 Itohertum

347 2204 502 2256 warantum.
541 2200 581 2255 Ib.
595 2203 656 2256 311.

346 2496 477 2567 [Roaunr
497 2497 645 2573 Faausuc.
684 2497 784 2553 Paoor
803 2515 929 2554 sorrnsr
953 2516 1012 2555 rna
1038 2500 1192 2556 Hanunea
1216 2519 1355 2558 orraasn

675 2591 690 2613 “
702 2601 836 2640 onerans
857 2587 1021 2657 anninus.'’]

381 2687 460 2742 Hanc
479 2692 575 2742 terram
597 2688 638 2757 [in
657 2688 839 2759 Cebbenhala]
858 2689 1064 2761 calumpniatur,
1084 2692 1214 2747 Rohertus
1234 2694 1355 2750 fardenc

344 2775 425 2828 homo
444 2775 550 2829 Godrici
572 2775 692 2846 dapiferi,
706 2776 738 2829 ad
760 2777 909 2830 manerium
929 2779 999 2847 regis
1019 2779 1051 2833 de
1074 2779 1229 2843 Melnesam,
1243 2786 1269 2835 et
1287 2781 1355 2837 dicit

345 2862 416 2932 quod
428 2862 552 2917 Galterns
566 2863 661 2916 Dedol'2
676 2865 763 2918 tenuit
775 2864 881 2934 qrrando
900 2864 1038 2930 forisfecit,
1051 2870 1079 2920 ct
1096 2867 1145 2921 hoc
1164 2868 1224 2921 vult
1242 2868 1355 2938 probare

345 2953 438 3003 contra
450 2953 537 3004 totum
551 2950 679 3013 hundred,
692 2950 816 3005 omnihus
829 2951 941 3023 legibus.
980 2952 1021 3007 lb.
1039 2955 1098 3010 371.

517 3251 630 3318 [Annos
648 3267 685 3305 or
704 3252 747 3305 Sr.
769 3251 902 3307 dannan
915 3253 949 3320 (l)
965 3269 1025 3308 aun
1044 3255 1185 3325 Rouana]

382 3351 481 3406 Eodem
506 3358 624 3423 tempore
650 3353 758 3408 fuerunt
782 3356 866 3410 furati
891 3359 952 3430 equi
977 3359 1089 3424 inventi,
1115 3360 1142 3414 in
1167 3360 1246 3416 domo
1273 3362 1352 3417 iatius

346 3438 488 3509 Brungari‚
502 3440 540 3492 ita
558 3439 628 3510 quod
647 3440 727 3493 abbas
748 3443 823 3496 cuius
842 3445 893 3498 fuit
911 3464 971 3498 soca
989 3451 1016 3500 et
1028 3465 1088 3501 saca
1099 3452 1126 3501 et
1140 3448 1292 3505 Rodbertus
1305 3450 1351 3522 qni

346 3523 441 3578 habuit
459 3525 713 3579 commendationem
736 3546 816 3596 super
834 3528 917 3582 istum
940 3531 1147 3602 [Brungarum],
1167 3540 1298 3592 venerunt
1318 3537 1352 3592 de

346 3610 396 3666 hoc
420 3611 491 3666 furto
511 3611 544 3664 ad
575 3610 702 3682 placitum
727 3619 754 3667 et
784 3614 821 3667 sic
851 3615 973 3671 hundred
997 3623 1120 3675 testatur.
1166 3622 1353 3679 Discesserunt

346 3697 520 3754 amicabiliter
533 3698 590 3752 sine
602 3697 698 3752 iuditio
711 3699 780 3770 quod
795 3700 910 3756 vidissed
924 3703 1050 3759 hundret.
1089 3707 1130 3761 Ib.
1144 3711 1196 3762 401
1210 3710 1235 3765 b.

384 3908 485 3963 ¹Edrio
506 3907 558 3961 had
582 3908 752 3963 commended
772 3911 883 3966 himself
904 3915 969 3969 with
990 3916 1033 3971 his
1058 3918 1135 3973 lande
1160 3920 1212 3974 and
1238 3940 1298 3975 men
1323 3925 1352 3976 to

347 3997 458 4052 another
476 3996 565 4060 Edric,
576 3995 636 4049 who
654 3996 706 4050 had
726 3998 791 4052 been
804 3999 936 4055 outlawed
950 4000 984 4073 by
1000 4004 1114 4060 Edward
1133 4006 1179 4060 the
1198 4007 1351 4072 confessor,

347 4086 401 4139 and
419 4085 572 4139 afterwards
595 4085 727 4155 pardoned
745 4086 798 4141 aud
820 4089 937 4144 restored
956 4095 983 4145 to
1002 4093 1044 4146 his
1063 4094 1167 4163 rights;
1194 4097 1350 4167 perurission

347 4172 428 4242 being
441 4172 521 4242 given
534 4172 569 4225 all
583 4171 624 4225 his
638 4191 697 4225 men
710 4178 738 4226 to
751 4178 850 4228 return.
889 4177 917 4232 It
930 4197 982 4232 was
1001 4180 1104 4249 alleged
1116 4183 1177 4237 that
1193 4183 1240 4238 the
1257 4185 1351 4239 above-

348 4257 499 4313 mantionod
512 4258 594 4312 Edric
608 4258 660 4312 had
675 4265 721 4312 not
734 4262 869 4315 returned.
1095 4269 1106 4300 ²
1124 4269 1156 4323 de
1170 4270 1241 4325 Dol?
