3000 4972
293 539 334 598 36
540 555 672 601 nnucrm
695 555 1043 600 suono-sonuimus.

291 732 449 797 confessus
463 740 521 797 cst.
560 734 705 818 Denique
720 734 885 797 mandavit
900 731 1088 808 vicecomiti,
1103 738 1141 794 ut
1155 727 1292 812 reliquos

291 841 415 905 obviam
432 843 492 906 sibi
519 844 717 907 Londoniom
745 844 899 921 mitteret,
914 850 947 907 et
969 843 1047 906 alios
1072 840 1236 906 duodecim
1252 840 1291 904 dc

291 953 473 1017 melioribus
487 955 626 1038 ejusdem
651 956 832 1028 comitatus,
847 956 903 1039 qui
930 956 1013 1040 quod
1037 953 1086 1017 illi
1106 954 1291 1036 juraverant

291 1086 401 1128 verum
424 1088 490 1129 esse
512 1067 785 1144 confirmaverant.
831 1065 912 1129 Illuc
942 1088 1066 1150 quoque
1090 1064 1164 1128 feeit
1187 1061 1291 1126 venire

290 1175 409 1239 multos
423 1198 463 1239 ex
478 1176 659 1241 melioribus
677 1178 777 1241 totius
792 1176 919 1260 Angliae
942 1176 1121 1240 baronibus,
1168 1173 1292 1237 Quibus

290 1286 438 1349 omuibus
468 1287 639 1351 Londoniae
667 1288 880 1371 conglegntis,
902 1288 1080 1373 judicatum
1104 1294 1155 1349 est
1182 1293 1250 1348 tem
1272 1308 1292 1347 s

292 1397 524 1482 Francisquam
534 1399 573 1462 ab
584 1398 779 1483 Anglisillos
789 1421 898 1463 omnes
907 1399 1135 1484 perjurosesse3
1152 1395 1291 1481 quaudo·

290 1507 417 1591 quidem
432 1508 496 1587 ille,
511 1514 583 1592 post
606 1532 699 1593 quem
721 1509 775 1573 alii
786 1510 982 1594 juraverant,
996 1531 1029 1573 se
1044 1508 1204 1591 perjurum
1226 1530 1293 1570 esse

290 1618 457 1684 fatebatur.
503 1618 630 1684 Quibus
651 1620 709 1683 tuli
726 1619 847 1701 judicio
871 1618 1100 1695 condemnatis,
1124 1617 1292 1700 episcopus

292 1728 459 1794 Hrosensis
470 1735 585 1793 terram
597 1752 686 1793 suum
697 1735 734 1794 ut
743 1730 869 1816 justum
879 1737 947 1792 erat
959 1729 1079 1792 babuit.
1103 1729 1168 1792 Alii
1184 1734 1291 1791 autem

290 1839 451 1904 duodecim
469 1862 541 1903 cum
557 1840 676 1904 vellent
691 1842 846 1905 affirmare
861 1840 900 1904 iis
914 1840 968 1924 qui
980 1840 1165 1922 juraverunt
1180 1863 1213 1904 se
1228 1860 1291 1902 non

291 1950 501 2028 consensisse3
535 1950 716 2013 Baiocensis
739 1950 1018 2035 episcopusdixit,
1040 1959 1077 2014 ut
1102 1951 1160 2015 hoc
1186 1951 1291 2035 ipsum

286 2059 408 2142 judicio
423 2059 496 2124 ferri
510 2061 689 2144 probarent.
735 2060 829 2126 Quod
851 2061 924 2145 quia
940 2084 972 2123 se
989 2063 1126 2123 facturos
1140 2061 1292 2144 promise·

291 2176 378 2249 runt,
402 2177 435 2235 et
464 2172 564 2236 facere
593 2193 656 2234 nou
683 2176 873 2255 potueruut;
901 2171 1120 2254 judicantibus
1146 2171 1217 2234 aliis
1242 2171 1291 2235 sui

291 2282 460 2349 comitatus
474 2280 667 2360 homiuibus,
682 2288 839 2347 trecentus
854 2281 950 2346 libros
967 2282 1033 2364 regi
1049 2281 1211 2346 dederunt.

292 2854 419 2934 [Anser
432 2857 629 2923 Scormun's
639 2859 747 2923 Curru
764 2880 803 2923 ro
813 2861 984 2924 Psessuns
993 2881 1032 2925 or
1045 2862 1291 2944 Nswruurou.]¹

292 3025 359 3090 [The
376 3029 463 3091 king's
477 3030 538 3079 writ
553 3032 708 3092 continuiog
723 3030 864 3094 judgment
882 3031 1006 3079 rendered
1025 3032 1051 3078 in
1064 3032 1155 3079 favour
1165 3032 1194 3081 of
1212 3033 1293 3081 ubbot

416 3106 542 3181 Scotinnd
552 3110 711 3169 concerning
722 3109 796 3170 eight
807 3110 937 3171 prebeuds
948 3111 975 3156 in
989 3108 1166 3172 Newington]

291 3216 507 3298 Wunermus,
543 3220 605 3285 Dei
640 3221 746 3304 gratia
790 3244 844 3282 rex
882 3219 1073 3301 Anglorum,
1115 3219 1291 3283 Lunimueo

290 3327 531 3411 archiepiscopo,
557 3331 715 3394 Rodberto
738 3338 771 3393 et
797 3332 921 3413 Rogero
946 3330 1124 3409 comitibus,
1139 3341 1171 3395 et
1193 3332 1293 3395 totius

292 3437 418 3520 Angliae
433 3440 649 3523 optimatibus,
658 3440 800 3503 salutem
826 3441 946 3505 Scitote
965 3441 1049 3523 quod
1066 3441 1159 3505 reddo
1176 3443 1292 3506 Sancto

291 3549 474 3629 Augustino
503 3563 537 3614 ct
564 3551 673 3615 abbati
697 3550 866 3615 Seotlundo
890 3561 924 3615 et
949 3552 1100 3615 frutribus
1126 3552 1196 3631 loci,
1222 3562 1293 3619 octo

291 3659 472 3743 prebendas
508 3661 542 3725 in
581 3661 791 3745 Nywentone,
822 3668 855 3726 et
887 3683 997 3724 omnes
1025 3668 1124 3724 terras
1152 3664 1191 3727 ed
1221 3664 1293 3729 illus

291 3769 495 3852 pertinentes,
511 3771 625 3835 liberas
639 3782 672 3834 et
686 3771 820 3855 quietas,
833 3771 907 3834 cum
930 3771 1077 3834 omnibus
1092 3777 1292 3839 eonsuetudi-

291 3879 395 3958 nibus,
422 3881 515 3945 sicuti
542 3881 761 3944 testimonium
786 3881 947 3965 perhibuit
971 3881 1142 3946 comitatus
1169 3886 1293 3951 Cuntiae

290 4014 397 4055 coram
413 3992 591 4057 Lanfrunco
606 3992 848 4076 archiepiscopo,
864 4006 896 4055 et
912 3993 1045 4057 Eudone
1059 4016 1128 4056 meo
1143 3994 1292 4079 dapifero,

291 4110 324 4168 et
343 4104 507 4169 Willelmo
536 4104 576 4167 dc
604 4103 720 4167 Archis
746 4110 779 4166 et
802 4103 970 4186 Rudulpbo
997 4103 1036 4166 de
1061 4104 1166 4168 Ourba
1193 4107 1292 4190 Spina

497 4274 505 4306 ¹
525 4275 595 4322 Hist.
609 4274 677 4322 Mon.
690 4274 730 4321 St.
743 4275 809 4336 Aug.
820 4273 870 4321 329
883 4271 957 4337 (Res.
969 4272 1065 4336 Gom).
