3000 4972
639 532 781 577 winumn
805 534 842 579 11.
1202 523 1240 585 71

242 682 394 757 consensi,
409 688 442 746 et
454 703 515 767 ego
530 682 625 747 abbas
640 684 810 750 'furstinus
829 686 1061 752 Glastoniensis
1080 711 1242 755 assensum

241 791 370 877 praebui,
387 798 446 857 eto.
473 793 538 859 Qui
552 794 680 877 quidem
694 794 840 861 cultellus
849 797 936 880 jacet
951 797 984 861 in
1001 799 1113 864 feretro
1132 800 1242 865 Sancti

243 904 392 968 Rumoni.
437 904 479 967 In
502 904 591 988 cujus
614 906 782 971 manubrio
806 907 953 974 inseritur
978 909 1052 974 talis
1076 911 1240 995 scriptura.

242 1015 281 1094 ›1‹
297 1014 368 1097 Ego
394 1014 585 1079 Willieimus
611 1039 666 1080 rex
688 1017 760 1082 dedi
780 1018 848 1084 Deo
868 1026 901 1085 et
925 1021 1048 1085 Sanctae
1071 1022 1183 1086 Mariae
1205 1023 1243 1088 de

242 1124 385 1188 'I'avistoo
400 1130 515 1189 terrm
532 1125 725 1193 chrintun.

276 1261 324 1310 See
342 1262 429 1310 Abbot
444 1261 475 1310 oi
490 1263 638 1325 Tavistock,
650 1271 714 1325 ante,
726 1280 750 1328 p.
760 1266 800 1328 61,
813 1267 961 1330 aprovions
977 1268 1081 1332 disputo
1099 1269 1180 1319 about
1197 1270 1243 1318 tho

243 1351 313 1386 sumo
325 1353 420 1397 manor,
433 1339 507 1389 thare
517 1341 601 1389 called
613 1341 747 1391 Olwriton.

244 1921 381 1987 CASES
415 1923 472 1989 OF
502 1925 609 1989 THIS
643 1925 789 1989 REIGN
822 1923 881 1989 OF
913 1925 1019 1989 Lnss
1043 1925 1244 1990 CERTAIN

680 2035 810 2099 DATE.

523 2189 662 2272 [Montis
683 2207 722 2252 os
746 2188 796 2252 Sa.
822 2188 976 2271 Banm.]¹

244 2324 310 2389 [The
327 2324 414 2387 king's
431 2323 491 2372 writ
508 2323 629 2385 ordsn'ng
640 2337 673 2371 un
684 2324 817 2388 assembly
828 2323 857 2373 of
875 2325 921 2373 the
940 2327 1038 2389 oounty
1049 2325 1079 2374 oi
1086 2326 1181 2386 Hants,
1194 2325 1247 2374 and

308 2418 342 2450 an
354 2402 505 2464 inquisition
515 2400 555 2465 (i)
566 2402 623 2449 into
633 2401 678 2449 the
689 2402 749 2450 title
767 2406 795 2450 to
805 2401 868 2450 land
884 2406 913 2451 at
930 2403 1019 2451 Isbam
1034 2404 1063 2451 in
1079 2403 1124 2452 tho
1141 2405 1204 2452 time
1220 2403 1251 2452 oi

307 2480 350 2528 his
361 2479 453 2537 father,
466 2481 495 2526 ut
512 2479 557 2526 tho
570 2479 623 2527 suit
640 2476 668 2526 of
684 2479 730 2527 the
747 2480 838 2528 monks
855 2479 886 2528 oi
900 2480 938 2528 St.
957 2480 1041 2528 Bsnet
1050 2500 1057 2541 3
1075 2481 1247 2544 followedby

308 2556 350 2604 his
361 2556 421 2603 mit
433 2556 463 2603 of
470 2555 606 2604 execution
617 2555 645 2602 in
657 2555 749 2604 favour
760 2555 788 2605 oi
799 2557 845 2606 the
855 2555 961 2620 abban]

246 2671 328 2749 Rus,
342 2669 516 2734 Willielmo
532 2669 570 2734 de
585 2670 756 2743 (lobannis,
769 2670 913 2736 salutem.
958 2670 1107 2755 Praeoipio
1123 2672 1193 2752 tibi,
1209 2679 1247 2738 ut

244 2781 339 2845 facias
366 2780 531 2845 convenire
557 2779 669 2843 sciram
695 2780 733 2843 de
759 2779 933 2857 Hamtona,
959 2785 992 2844 et
1016 2781 1137 2866 judicio
1166 2783 1244 2864 ejus,

244 2914 405 2977 cognosce,
421 2891 447 2956 si
473 2896 558 2955 terra
583 2891 621 2955 de
647 2890 757 2953 Isbam
782 2889 920 2954 reddidit
945 2890 1068 2953 firmam
1084 2892 1246 2955 monachis

246 3004 357 3068 Sancti
373 3003 546 3080 Benedicti,
562 3008 703 3085 tempore
718 3000 817 3084 patris
833 3000 906 3079 mei,
922 3007 954 3064 et
969 3001 997 3064 si
1012 3000 1059 3064 ita
1079 3000 1246 3066 inventum

245 3115 353 3194 fuerit,
368 3115 412 3178 sit
437 3114 471 3178 in
498 3112 638 3177 dominio
662 3111 785 3176 abbatis
795 3138 805 3191 ;
838 3111 866 3174 si
890 3134 963 3176 vero
986 3111 1147 3176 tcinlanda
1169 3120 1247 3179 tunc

244 3226 340 3291 fuisse
366 3225 556 3302 invenietur,
581 3223 636 3308 qui
660 3246 729 3287 eam
754 3228 853 3302 tenet,
879 3223 917 3287 de
942 3222 1057 3287 abbate
1080 3229 1198 3302 teneat,
1214 3231 1247 3289 et

244 3342 456 3421 recognoscat.
503 3335 599 3400 Quod
624 3334 650 3397 si
674 3333 819 3411 noluerit,
834 3356 903 3398 eam
927 3333 1025 3398 abbas
1047 3334 1081 3397 in
1107 3334 1247 3401 dominio

244 3449 370 3525 habeat,
386 3454 418 3511 et
438 3447 508 3510 vide
532 3468 572 3508 ne
595 3445 712 3508 clamor
729 3444 803 3509 inde
827 3443 965 3528 amplius
990 3443 1030 3507 ad
1055 3466 1104 3509 me
1128 3445 1246 3511 redeat.

246 3560 337 3624 'Peste
352 3557 526 3623 Willielmo
541 3555 685 3639 episcopo
699 3554 918 3619 Dunelmensi.

171 3804 182 3821 ,
290 3747 371 3823 Rex,
386 3743 559 3808 Willielmo
575 3741 763 3820 vicecomiti,
780 3741 926 3807 salutem.
971 3741 1092 3806 Mando
1114 3748 1148 3807 et
1168 3766 1246 3827 pim-

245 3857 327 3941 cipio
352 3856 413 3920 tibi
437 3862 474 3919 ut
500 3854 648 3918 abbatem
663 3852 748 3916 Ailsi
772 3851 867 3917 facias
890 3851 1005 3916 habere
1030 3852 1150 3930 Isham,
1165 3853 1248 3917 sicut

245 3968 312 4053 ipse
327 3966 534 4031 dirationavit
548 3989 617 4030 eam
633 3965 667 4029 in
685 3965 859 4042 Hamtona,
876 3971 908 4028 et
929 3964 1013 4028 sicut
1032 3964 1249 4029 testimoniata

245 4085 280 4144 et
304 4080 412 4164 jurata
442 4077 505 4141 fuit
534 4076 574 4140 ad
603 4098 682 4160 opus
713 4074 823 4138 Sancti
853 4073 1026 4139 Benedicti.
1085 4075 1177 4139 Teste
1208 4074 1247 4138 R.

247 4191 357 4275 Bigot.

266 4341 273 4372 ¹
294 4337 404 4401 Brudy’s
414 4336 482 4386 nist.
495 4333 622 4399 England,
635 4332 703 4381 Prsi.
712 4333 756 4391 493
774 4331 930 4395 2Palgravc‚
940 4330 1166 4392 Commonwsclth‚
1177 4330 1233 4382 179.
