3000 4972
249 535 312 598 164
495 551 627 596 rnncrrn
650 551 1000 598 nscio-nonnismcs.

247 704 359 769 melius
380 703 483 768 tenuit
504 709 644 789 tempore
667 704 750 786 regis
774 703 914 782 chrici,
928 709 961 768 et
981 703 1064 767 sicut
1083 708 1173 769 cartu
1196 727 1262 769 sua

246 820 393 893 testatur,
418 837 457 879 ne
483 836 575 898 super
597 814 656 878 hoc
681 821 819 897 ponatur
842 814 876 879 in
898 813 1037 899 aliquam
1061 837 1179 880 novom
1206 816 1261 880 vel

247 926 401 1009 injustam
417 925 686 990 consuetudinem.

507 1444 645 1526 [Morsus
667 1461 707 1506 or
730 1440 981 1524 Groucssrrs.]¹

248 1601 329 1667 [Writ
340 1604 370 1652 ol
376 1604 422 1652 tho
432 1604 486 1651 carl
496 1603 524 1652 of
541 1603 649 1652 Mellont
659 1602 788 1664 directing
798 1602 857 1650 that
873 1601 919 1650 tho
938 1601 1032 1651 monks
1050 1601 1081 1650 ol
1094 1600 1256 1652 Glouoostsr

499 1681 531 1730 bc
542 1685 645 1742 oxompt
657 1679 723 1728 lrom
735 1679 783 1729 toll
794 1679 845 1728 and
856 1677 994 1741 cuatonis]

249 1820 289 1884 G.
306 1841 408 1883 comes
430 1818 468 1883 de
491 1818 637 1895 Mellent,
653 1817 800 1882 omnibus
821 1815 945 1880 ballivis
967 1822 1000 1880 ct
1014 1816 1169 1880 ministris
1183 1817 1253 1881 suis

245 1929 284 1994 do
308 1929 575 2013 Wyreccstrcsiru,
605 1933 637 1992 et
666 1927 840 2011 praepositis
868 1933 901 1991 et
931 1925 1085 1992 ministris
1114 1927 1180 1991 suis
1208 1928 1252 1994 de

247 2040 377 2122 Wyche,
393 2038 538 2101 salutem.
583 2037 731 2121 Praecipio
746 2038 830 2121 quod
851 2041 957 2100 totum
979 2036 1155 2101 dominium
1178 2061 1250 2103 mo·

245 2151 415 2213 nachorum
431 2148 469 2213 de
491 2148 699 2227 Gloucestria,
714 2149 798 2212 undo
812 2148 955 2212 homines
973 2171 1080 2213 corum
1094 2139 1250 2234 ootemnt

244 2260 369 2324 offidaro
391 2281 484 2323 suurn
499 2281 564 2324 csse
579 2260 749 2344 proprium,
770 2260 813 2322 sit
831 2260 976 2343 quietum
991 2261 1031 2324 ab
1052 2261 1141 2325 omni
1162 2261 1249 2326 thel-

243 2392 320 2436 oneo
350 2376 383 2435 et
417 2370 642 2435 consuetudine
667 2370 750 2455 apud
777 2371 910 2455 Wyche,
934 2371 1017 2435 sicut
1046 2371 1157 2435 melius
1183 2371 1250 2437 fuit

242 2488 383 2565 tempore
399 2481 529 2546 chrici
552 2481 644 2565 regis.
688 2483 734 2545 Et
756 2503 848 2566 super
869 2483 928 2546 hoo
943 2505 1006 2546 non
1029 2482 1251 2548 disturbentur

244 2594 387 2659 homines
402 2599 460 2658 out
475 2616 523 2658 res
538 2616 645 2658 eorum
661 2615 753 2678 super
768 2592 999 2658 forisfacturam
1014 2617 1127 2661 meam.
1171 2597 1245 2659 'l'es-

242 2705 331 2771 tibus
354 2706 499 2772 Albcrico
532 2705 570 2770 dc
594 2706 688 2784 Vere,
713 2711 746 2770 et
782 2704 920 2769 Robcrto
949 2705 1014 2770 filio
1039 2706 1186 2783 Waltori,
1214 2713 1250 2771 et

244 2817 412 2902 liudulpho
428 2816 585 2902 pincerna,
601 2821 634 2880 et
649 2814 794 2900 Philippo
805 2814 844 2878 de
858 2814 992 2895 Belmcs,
1008 2819 1081 2882 etc?

278 2976 346 3043 [rho
358 2978 490 3040 following
501 2992 573 3026 moro
583 2977 690 3040 gonornl
701 2976 762 3025 writ
772 2989 827 3024 was
838 2975 949 3038 granted
959 2976 996 3040 by
1007 2977 1053 3025 tbc
1062 2977 1127 3042 king
1134 2976 1208 3042 ²·]⁸

286 3091 475 3176 Stephanus,
499 3113 555 3154 rcx
581 3089 717 3174 Angliae,
731 3089 926 3173 justiciariis,
944 3097 977 3154 ct
999 3091 1247 3179 vicecomitibus,

242 3201 422 3280 baronibus,
437 3208 470 3266 et
489 3201 646 3266 ministris
661 3202 737 3280 suis,
752 3201 879 3265 Francis
901 3207 933 3265 et
956 3203 1082 3287 Anglis,
1098 3205 1243 3275 salutem.

241 3313 391 3396 Praecipio
406 3311 489 3395 quod
511 3316 582 3375 toto
602 3310 734 3396 pecunia
757 3312 867 3375 Sancti
882 3312 968 3376 Petri
992 3314 1196 3382 Glouccstriae
1211 3326 1244 3386 et

242 3421 366 3486 abbatis
389 3427 422 3486 ct
440 3423 664 3486 monachorum
686 3423 729 3485 sit
748 3423 855 3506 quieta
876 3423 914 3487 dc
933 3424 1089 3505 theloneo,
1107 3435 1141 3493 et
1156 3433 1243 3496 omni

242 3532 477 3608 consuetudine,
501 3530 678 3616 ubicunque
701 3533 833 3597 venerit.
886 3535 931 3597 Et
957 3534 1088 3602 defendo
1113 3562 1152 3604 nc
1178 3543 1243 3607 dis·

241 3642 388 3707 turbetur
402 3642 521 3724 injustc
536 3664 628 3726 super
650 3643 756 3707 decem
776 3643 871 3707 libras
893 3645 1106 3714 forisfacturae.
1150 3652 1243 3718 'Peste

242 3752 364 3817 Milone
381 3751 594 3817 Gloucestriae.

307 4021 314 4052 ¹
332 4024 453 4076 nchmn.
465 4027 533 4075 Mon.
547 4026 637 4077 Glouc.
648 4028 680 4079 71
694 4029 766 4093 (Rcc.
778 4031 870 4095 Com).
1093 4036 1105 4069 ²
1122 4037 1173 4088 Sic.

452 4105 462 4136 ¹
479 4107 495 4153 2
507 4105 602 4155 Chron.
615 4107 683 4156 Mon.
696 4107 785 4159 Glouc.
798 4111 846 4160 135
857 4111 929 4175 (Boc.
942 4112 1032 4177 Com).
