3000 4972
594 572 703 617 irenei
727 575 764 618 11.
1134 558 1193 619 211

194 747 251 788 nec
268 725 387 789 viribus
397 725 507 809 impar,
518 725 551 788 in
561 735 726 809 conspeetu
739 725 914 809 principum
930 731 1011 790 terre
1023 726 1197 810 dampnans

194 843 226 900 ot
252 859 399 901 accusans
426 859 498 901 eum
524 838 562 901 de
586 837 764 921 prodicione
788 837 880 921 regis.
926 837 1071 901 Asseruit
1086 860 1198 921 nempe

193 971 265 1011 eum
283 946 315 1011 in
326 947 525 1031 expedicione
539 948 614 1012 belli
623 949 707 1033 apud
720 948 876 1012 Waliaml
887 949 920 1011 in
931 947 1050 1012 difficili
1059 948 1198 1012 transitu

194 1059 232 1123 de
247 1057 417 1123 Colesbelle
427 1058 577 1123 vexillum
587 1059 709 1123 domini
723 1060 806 1145 regis
816 1060 1030 1125 fraudulenter
1041 1061 1198 1145 abjecisse,

193 1174 226 1233 et
241 1175 376 1234 mortem
385 1171 453 1255 ejus
468 1170 595 1234 sublimi
608 1193 681 1234 voce
695 1171 919 1254 proclamasse;
942 1176 975 1235 et
986 1172 1020 1234 in
1029 1172 1198 1257 presidium

194 1282 263 1364 ejus
288 1280 460 1359 venientes,
484 1281 518 1344 in
544 1282 654 1367 fugam
681 1283 882 1347 convertisse.
927 1284 968 1346 In
994 1282 1037 1347 rei
1055 1283 1198 1361 veritate,

194 1391 352 1475 predictus
370 1391 526 1455 chricus
541 1392 578 1455 de
592 1392 706 1456 Esexia
729 1392 874 1456 inolitum
901 1414 1007 1477 regem
1023 1394 1199 1459 Henrioum

194 1503 376 1580 secundum,
413 1501 610 1566 Walensium
662 1504 823 1567 fraudibus
859 1504 1079 1589 interceptum,
1116 1505 1199 1569 diem

195 1612 339 1676 clausisse
354 1613 486 1676 credidit
501 1619 696 1692 extremum,
720 1616 803 1698 quod
817 1637 923 1679 revera
938 1616 1057 1679 laetum
1080 1614 1199 1694 luisset,

194 1723 256 1786 nisi
280 1725 423 1808 Rogerus
449 1747 551 1789 comes
567 1724 733 1806 Clarensis,
747 1725 848 1790 clarus
872 1749 986 1810 genere
1010 1733 1043 1791 et
1068 1726 1200 1791 militari

194 1833 304 1899 clarior
318 1835 493 1914 excercitio,
506 1859 577 1899 cum
592 1836 657 1899 suis
668 1836 867 1901 Clarensibus
882 1836 1037 1901 maturius
1051 1838 1199 1901 occurris·

195 1952 253 2024 set,
268 1950 300 2009 et
316 1945 437 2010 domini
446 1947 529 2031 regis
538 1946 688 2013 vexillum
701 1947 860 2028 elevasset,
871 1948 910 2012 ad
919 1949 1200 2014 corroboracionem

195 2062 227 2120 et
252 2056 479 2121 animacionem
503 2058 603 2123 totius
627 2059 790 2123 exercitus.
838 2059 975 2124 Henrico
993 2060 1044 2141 [de
1069 2060 1198 2143 Escxia]

195 2166 321 2252 quidem
344 2168 508 2233 resistente
533 2172 581 2234 et²
605 2169 747 2254 predicto
769 2169 907 2234 Roberto
931 2169 965 2234 in
990 2171 1147 2249 concione,
1168 2177 1202 2236 et

194 2256 318 2362 objecta
332 2279 459 2363 penitus
474 2280 642 2360 inficiante,
658 2281 784 2346 evoluto
799 2280 887 2345 brevi
909 2281 1059 2364 temporis
1086 2281 1200 2366 spacio,

194 2390 235 2453 ad
269 2390 425 2473 corporale
460 2389 599 2455 duellum
634 2398 821 2476 perventum
858 2397 915 2456 est.
977 2393 1201 2458 Convenerunt

195 2507 302 2564 autem
317 2500 400 2585 apud
416 2501 580 2584 Radingas
599 2503 774 2586 pugnaturi
794 2503 828 2566 in
846 2501 949 2566 insula
968 2503 1103 2586 quadam
1124 2504 1202 2568 satis

195 2612 321 2677 abbatie
344 2611 448 2675 vicina
459 2638 469 2690 ς
491 2613 638 2677 convenit
663 2619 696 2677 et
719 2613 866 2696 gentium
890 2613 1075 2690 multitudo,
1098 2615 1203 2680 visura

195 2746 288 2807 quem
305 2723 399 2786 finem
415 2744 462 2786 res
477 2723 651 2787 sortiretur.
673 2769 681 2783 .
698 2771 705 2787 .
724 2725 748 2787 ‚³
786 2725 830 2787 Et
844 2726 912 2808 jam
927 2729 1016 2788 totus
1037 2725 1203 2809 desperans

198 2832 398 2915 [Henricus],
421 2838 454 2896 et
480 2832 634 2898 rationem
659 2833 694 2896 in
725 2834 882 2918 impetum
914 2839 1108 2912 convertens,
1143 2835 1202 2898 im·

196 2943 381 3029 pugnantis,
407 2966 471 3007 non
498 2944 705 3023 defendentis,
734 2944 905 3029 assumpsit
932 2943 1078 3009 officium.
1137 2947 1202 3011 Qui

196 3057 273 3120 dum
298 3055 421 3120 fortiter
449 3056 609 3139 percussit,
635 3055 747 3119 lortius
775 3078 939 3140 percussus
954 3061 1002 3121 est
1013 3083 1023 3135 3
1065 3062 1097 3121 et
1125 3056 1201 3120 dum

196 3166 329 3231 viriliter
343 3167 563 3251 impugnabat,
574 3166 694 3231 virilius
710 3166 959 3251 inpugnabatur.
985 3166 1201 3232 Quidmulta?

197 3280 300 3344 victus
311 3278 469 3344 occubuit.

200 3722 315 3802 [Jouu
331 3743 394 3785 nnn
416 3723 611 3798 Mniesutae,
626 3744 652 3784 c.
669 3722 806 3784 'l'nouls
830 3721 853 3782 Ᾱ
877 3722 1019 3784 Beonan
1067 3721 1191 3803 lldl.]⁴

198 3860 324 3923 [Thomas
336 3859 351 3910 b
364 3861 469 3919 Becket,
482 3862 597 3922 desiring
614 3862 768 3922 permission
787 3860 815 3908 of
826 3861 872 3908 the
888 3862 953 3923 king
970 3864 998 3908 to
1017 3876 1051 3922 go
1067 3866 1095 3909 to
1112 3861 1202 3919 Rome,

233 4061 241 4093 ¹
262 4062 334 4110 1157.
727 4059 738 4092 ἲ
755 4060 808 4107 The
820 4062 835 4084 ‘⁴
844 4059 890 4107 et”
904 4058 997 4107 should
1009 4059 1041 4105 bo
1052 4058 1169 4106 omitted.

232 4137 243 4169 ³
261 4138 302 4186 He
314 4151 372 4185 sees
383 4136 427 4184 the
438 4136 587 4198 apparition
600 4135 629 4184 of
639 4135 678 4183 st.
692 4135 822 4194 Ildmund,
834 4135 886 4183 and
897 4134 927 4182 of
935 4149 952 4181 a
962 4148 1057 4195 person
1069 4134 1153 4182 whom
1170 4133 1203 4182 be

199 4219 250 4267 bad
262 4217 421 4280 imprisoncd
432 4217 484 4265 and
495 4216 614 4265 tortured
626 4216 694 4263 until
705 4215 793 4264 death.

232 4297 240 4327 ⁴
260 4297 274 4343 l
287 4297 350 4358 Rog.
362 4295 395 4343 de
406 4295 465 4343 Hor
484 4296 533 4343 221
545 4293 616 4358 (Rco.
629 4292 720 4355 Com).

683 4385 743 4443 1³2
