3000 4972
634 567 786 612 sarrana.
1143 553 1201 614 145

198 719 450 797 consuetudines,
472 725 505 784 et
526 720 645 803 regales
667 721 843 804 dignitates
864 722 998 787 ecclesiae
1014 723 1107 802 Belli,
1122 746 1201 807 pra·

198 828 320 893 dictum
342 852 438 895 werec
469 831 503 893 vi
536 831 727 897 obtinerent.
774 833 846 899 Quo
879 834 1003 917 agnito,
1033 834 1201 917 archiepis·

199 962 295 1024 copus
316 942 436 1005 curiam
462 943 578 1020 adiens,
602 965 706 1007 coram
728 966 811 1027 rege,
834 944 873 1008 de
895 946 1008 1009 abbate
1033 946 1070 1009 de
1102 945 1203 1023 Bello,

199 1051 282 1135 quod
312 1052 346 1115 in
375 1053 434 1117 hac
456 1075 490 1117 re
512 1053 544 1118 vi
574 1062 607 1118 et
635 1054 811 1119 hostilitate
842 1077 918 1118 usus
947 1055 1069 1132 fuisset,
1099 1055 1202 1139 queri-

199 1163 339 1227 moniam
362 1165 448 1230 fecit.
492 1166 562 1230 Nec
584 1188 681 1244 mora,
696 1189 753 1230 rex
768 1165 915 1229 abbatem
928 1166 1081 1230 mandans
1096 1189 1201 1231 coram

200 1296 232 1338 se
265 1277 372 1341 venire
402 1277 488 1342 feeit.
545 1277 711 1344 Quibusa
740 1285 898 1341 conventu
930 1277 1083 1340 nobilium
1117 1277 1201 1360 apud

200 1387 320 1470 regiam
344 1389 506 1453 ventilatis
528 1389 657 1465 curiam,
681 1410 753 1451 eum
776 1388 883 1451 studio
905 1393 938 1452 et
960 1397 1027 1451 arte
1045 1387 1201 1452 Willelmi

198 1496 238 1561 de
267 1499 362 1581 Ypm,
393 1499 448 1583 qui
475 1500 598 1564 Cantiae
624 1499 812 1563 comitatum
834 1505 911 1563 tunc
934 1499 1124 1582 possidebat,
1148 1521 1201 1562 rex

198 1631 320 1692 quoque
342 1610 570 1695 archiepiscopo
596 1610 715 1688 favens,
742 1609 889 1674 abbatem
917 1618 956 1673 ut
984 1610 1069 1693 pacis
1097 1618 1201 1674 trans·

199 1742 371 1803 gressorem
395 1729 550 1806 argueret,
574 1722 658 1807 quod
681 1721 799 1786 scilicet
828 1728 938 1785 contra
960 1722 1045 1804 regis
1070 1720 1202 1785 Henrici

199 1832 319 1896 sancita
340 1833 475 1910 fecisset,
497 1840 571 1917 post
591 1832 762 1917 plurimam
778 1833 927 1917 utrinque
945 1833 1199 1911 controversiam,

199 1943 327 2007 tandem
358 1943 402 2007 sic
432 1944 518 2007 curia
548 1945 684 2009 sedatur.
730 1945 816 2007 Nam
839 1942 945 2018 abbas,
976 1943 1097 2006 ratione
1125 1966 1201 2007 usus

200 2055 428 2137 praemeditata,
445 2078 553 2139 regem
570 2054 746 2119 Henricum
762 2078 819 2139 pro
834 2054 929 2118 libitu
945 2054 1077 2138 antiqua
1091 2053 1200 2138 patriae

194 2166 269 2248 jura
284 2172 406 2230 mutare
422 2167 455 2230 in
470 2167 578 2231 diebus
593 2168 658 2230 suis
680 2189 769 2250 posse
792 2166 979 2230 testificatus
994 2173 1054 2245 cst,
1069 2166 1122 2230 sed
1137 2189 1200 2231 non

200 2277 261 2340 nisi
286 2279 445 2342 communi
462 2278 615 2358 baronum
631 2278 722 2362 regni
738 2300 890 2342 consensu
907 2279 939 2340 in
955 2284 1117 2362 postorum
1134 2285 1202 2342 rata

200 2389 275 2453 fore.
322 2389 416 2453 Unde
431 2389 458 2453 si
485 2388 527 2467 id,
544 2389 626 2453 unde
655 2388 918 2467 calumniabatur,
945 2412 1008 2452 suae
1034 2389 1202 2472 dignitatis

199 2488 424 2586 compatriota,
449 2501 582 2563 barones
608 2500 727 2565 scilicet
753 2500 809 2584 qui
834 2501 964 2563 aderant
987 2522 1060 2563 cum
1086 2500 1203 2583 regalis

200 2611 294 2674 curiae
330 2634 458 2675 assensu
494 2612 728 2690 concessissent,
759 2618 791 2675 et
827 2610 893 2694 ipse
929 2610 1031 2674 libens
1068 2612 1201 2677 cederet.

202 2722 345 2807 Cumque
361 2729 529 2806 praesentes
544 2722 636 2806 regui
651 2722 803 2805 primores
825 2721 890 2784 haec
912 2743 976 2784 uno
1001 2743 1053 2785 ore
1079 2729 1201 2785 contra-

200 2835 350 2913 dicerent,
365 2835 399 2897 in
423 2834 583 2899 communi
608 2834 737 2898 tandem
761 2832 922 2896 decretum
947 2837 1006 2910 est,
1031 2837 1071 2898 ut.
1093 2832 1202 2897 eadem

202 2946 305 3010 soluta
329 2945 425 3024 curia,
451 2946 547 3010 abbas
572 2945 662 3029 regia
685 2944 843 3028 dignitate
868 2944 942 3007 hino
973 2966 1063 3007 suam
1090 2950 1202 3009 nactus

201 3057 331 3131 curiam,
357 3057 441 3140 apud
467 3056 692 3140 Dengemareis
716 3055 766 3120 die
794 3055 996 3119 denominato
1020 3055 1202 3121 bominibus

201 3167 423 3251 archicpiscopi
439 3167 687 3246 advenientibus,
701 3189 825 3231 omnem
835 3166 1058 3231 rectitudinem
1070 3173 1202 3234 teneret.

203 3279 265 3343 Sed
295 3279 328 3342 in
355 3278 415 3342 hoc
444 3283 601 3342 conventu
629 3277 759 3342 verbum
786 3277 965 3341 memoriale
1001 3301 1063 3362 quo
1100 3279 1204 3363 magis

202 3389 307 3474 regius
322 3388 482 3453 emollitus
497 3392 545 3452 est
571 3389 697 3452 animus
722 3388 893 3473 providum
916 3388 1031 3452 dixisse
1055 3388 1202 3455 abbatem

202 3500 349 3586 contigit.
398 3501 483 3564 Nam
512 3522 585 3564 cum
609 3506 805 3583 argueretur,
830 3499 870 3563 ad
896 3520 1003 3583 regem
1034 3522 1203 3566 conversus

203 3612 331 3676 intulit:
370 3611 607 3696 “Nunquam'’
638 3610 793 3695 inquiens,
825 3615 886 3676 “te
916 3611 1047 3689 diutine,
1077 3612 1107 3676 0
1137 3635 1203 3693 rex,

203 3744 347 3785 coronam
379 3721 505 3804 Angliae
536 3721 616 3786 ferre
639 3720 707 3784 Deo
732 3720 773 3783 sit
803 3719 967 3803 placitum,
991 3720 1017 3783 si
1042 3722 1203 3786 tantillam

203 3832 338 3897 ecclesiae
354 3838 468 3897 nostrae
483 3832 674 3910 libertatem,
690 3854 709 3894 a
727 3853 801 3914 rege
825 3831 988 3894 Willelmo
1012 3837 1044 3895 et
1068 3833 1107 3896 ab
1134 3834 1204 3896 aliis

196 3942 450 4008 'antecessoribus
483 3943 549 4006 tuis
587 3941 714 4026 regibus
741 3942 849 4006 datam
872 3947 905 4006 et
931 3941 1127 4006 observatam
1151 3944 1203 4008 de·

203 4054 387 4121 struxeris.”
417 4054 539 4118 Verum
554 4053 668 4117 abbate
682 4052 767 4117 diem
782 4053 994 4117 constitutum
1009 4051 1205 4130 observante,

203 4175 277 4235 ante
292 4145 573 4252 diem'sequentem
589 4188 628 4229 ex
642 4169 731 4248 parte
745 4163 967 4247 archiepiscopi
990 4163 1095 4226 nullus
1110 4163 1203 4229 adve-

204 4281 262 4346 nit.
309 4279 403 4344 Unde
425 4274 684 4359 transgressionis
704 4273 825 4358 jndicio
848 4273 1108 4352 obmutescentes,
1131 4297 1204 4339 cum

1060 4402 1080 4447 L
