3000 4972
313 520 375 582 114
557 538 690 583 vinciri
713 538 1064 586 enom-rominrmcn.

353 713 529 795 [Mensem
543 737 570 780 c.
589 716 694 781 Peroe
713 736 780 780 nnn
796 717 919 781 Morere
935 736 974 782 ov
991 719 1097 783 Bere.
1144 718 1269 801 1121.]¹

309 845 378 912 [The
390 848 509 910 pleintiff
521 849 612 899 claime
624 850 724 899 certain
735 849 837 899 landet
848 851 926 912 Beth,
938 867 968 901 es
978 852 1024 900 the
1035 852 1149 915 adopted
1167 853 1224 902 heir
1242 854 1272 902 of
1281 850 1313 902 G.

372 926 427 975 lete
442 942 536 988 owner,
554 927 606 977 end
624 928 672 976 hes
689 943 706 976 e
725 929 786 977 vnit
802 929 831 977 of
845 930 934 978 eeisin.
973 930 1027 979 The
1043 930 1200 980 defendente
1218 946 1252 979 on
1267 931 1315 978 the

373 1004 450 1052 other
465 1003 537 1052 hand
552 1005 637 1054 affirm
654 1005 715 1053 thet
733 1004 764 1052 G.
781 1004 842 1053 held
858 1005 899 1053 ior
915 1004 963 1053 liic
978 1006 1062 1054 under
1077 1007 1243 1066 themselves,
1261 1005 1314 1054 end

373 1079 543 1128 surrendered
558 1083 586 1129 to
597 1080 670 1129 them
686 1081 733 1130 the
748 1081 810 1128 lend
825 1081 853 1129 in
864 1081 904 1130 hie
920 1082 972 1131 lest
990 1083 1116 1142 siclmees,
1129 1083 1180 1131 end
1197 1083 1314 1145 produce

373 1157 516 1205 witnesses.
549 1158 574 1205 A
589 1157 695 1207 chnrter
710 1158 801 1206 ieeleo
812 1158 965 1206 introduced
982 1160 1010 1207 in
1028 1160 1150 1208 evidence
1166 1161 1201 1224 by
1212 1159 1258 1208 the
1269 1159 1313 1208 de·

372 1232 503 1283 sentiente.
539 1235 594 1283 The
611 1238 685 1283 court
696 1235 776 1297 being
786 1235 865 1283 mneh
876 1235 980 1284 divided
996 1236 1025 1284 in
1041 1236 1154 1298 opinion,
1166 1237 1212 1286 the
1227 1236 1313 1285 oldest

372 1311 424 1360 end
432 1315 502 1361 most
510 1311 603 1360 ekilled
611 1313 639 1359 in
650 1312 696 1361 the
704 1311 755 1360 levv
766 1327 812 1360 ere
823 1313 961 1374 requeeted
973 1317 1002 1361 to
1012 1314 1091 1361 vetire
1100 1314 1152 1362 end
1164 1312 1254 1362 decide
1266 1313 1313 1362 the

370 1392 475 1438 matter.
508 1391 586 1440 Their
598 1390 714 1439 decision
730 1390 753 1439 ie
770 1390 831 1438 thet
848 1390 894 1438 the
910 1391 1027 1452 pleintifl'
1039 1395 1111 1440 must
1127 1392 1240 1453 produce
1256 1396 1312 1440 two

370 1466 506 1517 witnessee
517 1467 586 1516 irem
594 1468 640 1516 the
651 1466 815 1517 defendente’
823 1467 928 1527 ehumh,
935 1483 988 1516 ore.
996 1469 1110 1530 genuine
1117 1469 1229 1518 chester.
1255 1468 1311 1516 'l'he

371 1545 489 1609 pleintiff
495 1547 518 1595 is
530 1547 617 1606 silent,
628 1545 680 1594 end
686 1544 829 1609 judgment
843 1545 866 1594 is
877 1546 954 1608 given
966 1545 1005 1594 for
1016 1546 1061 1594 the
1074 1546 1247 1604 defendnnte;
1264 1546 1311 1595 the

370 1627 447 1672 court
457 1624 537 1686 being
548 1622 684 1686 compoeed
695 1622 725 1672 of
738 1623 853 1685 blshope,
864 1623 1047 1682 erchdeecons,
1059 1623 1151 1684 clerks,
1163 1624 1309 1686 chspleine,

370 1701 422 1749 end
433 1699 545 1764 othere]

305 1837 358 1903 De
383 1844 466 1904 terre
490 1841 621 1905 Grantae
645 1839 679 1902 in
704 1839 824 1903 Stoche
849 1837 955 1902 north.
1010 1836 1121 1902 Mense
1150 1838 1248 1902 Junio
1273 1837 1308 1903 in

304 1949 441 2015 crastino
456 1949 641 2015 festivitatis
655 1947 869 2034 apostolorum
883 1948 970 2012 Petri
985 1953 1018 2012 et
1033 1947 1136 2028 Pauli,
1150 1947 1307 2013 residente

304 2058 339 2123 in
364 2058 451 2125 curie
475 2082 532 2125 sue
556 2060 667 2125 Bathae
693 2059 839 2124 Johanne
864 2059 1019 2145 episcope,
1043 2081 1116 2123 cum
1140 2060 1250 2124 amicis
1272 2067 1306 2125 et

304 2170 484 2249 baronibus,
500 2170 555 2257 qui
587 2170 683 2237 simul
714 2171 756 2236 ed
779 2171 862 2235 diem
887 2170 1004 2235 festum
1031 2171 1173 2250 aderant,
1195 2169 1308 2235 delete

303 2287 380 2347 eunt
401 2281 431 2348 ei
453 2281 566 2348 litterae
591 2304 666 2347 cum
689 2281 796 2368 sigillo
819 2281 924 2367 regio:
949 2305 1083 2367 quarum
1106 2281 1207 2345 forme
1221 2281 1305 2346 haec:

302 2392 483 2457 Willelmus
519 2392 604 2457 filius
640 2392 736 2478 regis,
765 2391 907 2458 Johenni
944 2392 1089 2478 episcopo
1124 2390 1164 2457 de
1200 2393 1307 2456 Baths

301 2505 447 2569 salutem.
491 2502 644 2589 Praecipio
658 2509 696 2569 ut
711 2502 820 2568 saisias
835 2502 1039 2568 Modbertum
1049 2503 1137 2587 juste
1159 2502 1305 2568 deterre

300 2637 396 2700 quem
410 2613 517 2679 tenuit
532 2614 654 2678 Grenta
668 2613 707 2678 de
727 2614 832 2691 Stoca,
848 2613 932 2677 sicut
952 2612 1152 2678 hereditavit
1174 2636 1247 2677 eum
1269 2613 1304 2677 in

298 2725 367 2791 vita
381 2748 448 2790 sue.
494 2725 585 2789 'Peste
607 2721 999 2810 episcopo'Selesberiensi.
1046 2723 1153 2788 Lectis
1176 2723 1306 2804 litteris,

298 2835 462 2919 episcopus
484 2833 577 2899 dixit.
633 2834 736 2899 Sicuti
768 2856 824 2919 per
857 2834 914 2898 has
937 2833 1017 2896 mihi
1042 2833 1165 2898 litteras
1191 2857 1211 2898 c
1233 2833 1301 2898 filio

298 2944 431 3011 Domini
456 2945 519 3010 mei
545 2944 731 3010 mandatum
756 2951 805 3010 est
830 2943 909 3024 fieri,
924 2944 951 3007 si
975 2949 1082 3008 temen
1104 2944 1232 3028 justum
1248 2949 1298 3009 est

296 3056 469 3140 acquiesco.
514 3055 581 3119 Vos
607 3061 725 3135 autem,
746 3078 802 3120 vos
827 3053 923 3119 amici
948 3054 1010 3119 mei
1037 3060 1071 3118 et
1086 3054 1229 3134 Domini,
1245 3055 1302 3140 qui

296 3173 426 3251 propter
449 3164 656 3249 apostolicum
680 3164 764 3229 diem
787 3163 960 3229 solenniter
973 3162 1049 3228 huie
1064 3163 1181 3228 adestis
1196 3163 1300 3241 curiae,

296 3275 375 3360 quid
390 3276 424 3339 in
438 3276 497 3339 hoc
511 3274 629 3359 justius
651 3273 694 3338 sit
716 3273 870 3338 discutere
885 3296 993 3357 precor
1014 3273 1201 3357 dignemini.
1248 3275 1301 3340 Ad

296 3386 362 3450 haec
384 3386 518 3450 domnus
538 3384 634 3469 prior,
659 3384 770 3449 habito
792 3407 865 3449 cum
886 3384 1036 3448 fratribus
1058 3383 1200 3464 consilio,
1223 3384 1300 3449 deta

295 3495 466 3581 diligenter
490 3495 530 3559 ab
556 3495 703 3560 omnibus
729 3495 899 3573 audientia,
915 3494 959 3558 sic
974 3473 1098 3559 locutis
1117 3500 1185 3560 est:
1211 3495 1299 3561 Quo·

295 3607 382 3671 niem
397 3604 526 3692 quidem
545 3605 671 3670 nonnisi
693 3604 780 3689 juste
805 3605 925 3690 aliquid
948 3605 1000 3669 hic
1023 3605 1092 3670 fieri
1119 3627 1218 3691 neque
1243 3628 1299 3670 rex

294 3740 396 3804 neque
411 3717 496 3803 regis
510 3717 596 3780 filius
610 3714 763 3800 precipit,
778 3723 812 3782 et
826 3716 915 3781 vobis
929 3723 1084 3803 tanquam
1104 3715 1182 3780 viris
1205 3716 1299 3781 bonis

293 3835 327 3895 et
357 3828 440 3914 juris
474 3827 585 3912 peritis
618 3833 726 3891 utrum
762 3828 888 3912 justum
925 3827 968 3891 sit
998 3826 1084 3912 quod
1116 3825 1299 3911 praecipitur

293 3940 448 4005 discutere
481 3937 702 4018 committitur,
724 3937 880 4023 quomodo
911 3959 944 4002 se
977 3937 1022 4002 rei
1044 3937 1161 4002 veritas
1183 3937 1298 4002 habeat

293 4050 493 4117 manifestius
507 4048 665 4127 videbitis,
682 4048 709 4113 si
724 4072 775 4113 me
790 4049 928 4114 breviter
942 4048 1124 4114 locuturum
1139 4047 1298 4133 patienter

561 4252 570 4285 1
589 4251 658 4301 Mac.
671 4253 740 4301 nist.
753 4252 832 4301 exon.
845 4249 877 4303 ts
890 4250 947 4312 (fer.
958 4251 1021 4315 on).
