3000 4972
244 522 284 583 58
488 540 624 585 rrncrrn
647 540 999 588 cnoro-nonniuruca

242 697 361 756 terram
396 692 507 756 Aschil
542 715 638 777 quam
667 694 764 758 habet
793 695 955 780 episcopus
994 691 1175 758 Baiocensis
1211 691 1244 755 in

245 803 451 887 Ulingeham,
476 805 550 888 quia
566 805 649 869 sieut
676 811 813 870 testatur
837 812 923 870 totus
948 807 1129 881 comitatus,
1155 810 1246 869 autc-

247 935 350 978 cessor
364 914 585 1000 archiepiscopi
598 917 711 980 habuit
723 940 824 981 sacam
841 925 874 982 et
890 941 993 981 socam
1010 941 1102 1002 super
1116 916 1247 980 eandem

246 1031 374 1104 terram,
404 1031 436 1089 et
462 1027 605 1091 homines
634 1028 770 1111 episcopi
808 1028 925 1111 injuste
962 1029 1109 1093 auferunt
1145 1027 1247 1091 eidem

242 1136 472 1221 archiepiscopo
487 1137 619 1202 eandem
634 1159 749 1204 socam.

443 1441 569 1524 [Lusus
592 1460 631 1504 or
652 1443 865 1505 Ancnalsuoc
883 1440 1045 1524 Tironis]

253 1564 259 1569 ⁵
291 1577 443 1662 Tempore
456 1578 540 1661 regis
555 1577 703 1641 Edwardi
719 1579 781 1641 fuit
795 1577 921 1641 saisitus
938 1576 1056 1640 Almaer
1070 1582 1246 1640 antecessor

246 1688 469 1773 archiepiscopi
479 1690 605 1752 Thomae
616 1689 655 1753 de
664 1711 733 1752 soca
746 1689 785 1752 X.
799 1689 984 1751 bovatarum
995 1688 1028 1749 in
1041 1685 1246 1768 Ulingeham.

248 1797 325 1860 Haec
342 1803 425 1861 terra
440 1798 502 1861 fuit
518 1798 612 1877 Code,
628 1804 661 1863 et
677 1799 769 1861 modo
785 1805 833 1862 est
848 1799 987 1882 Rayneri
1002 1798 1040 1861 dc
1054 1797 1194 1873 Erimon,
1212 1804 1245 1859 ct

245 1930 301 1992 pro
319 1908 388 1971 III.
404 1907 494 1972 libris
514 1909 576 1971 fuit
599 1909 770 1987 invadiata,
790 1916 930 1992 tempore
948 1909 1032 1992 regis
1052 1908 1200 1973 Edwardi
1216 1917 1248 1973 et

248 2016 340 2080 modo
356 2018 515 2081 affirmant
527 2018 670 2083 homines
688 2020 727 2083 de
744 2020 883 2102 treding,
899 2020 981 2104 quod
998 2019 1248 2103 archiepiscopus

240 2128 315 2211 jure
341 2128 433 2191 debet
456 2128 571 2194 habere
596 2130 676 2194 hanc
695 2151 810 2208 socam,
833 2152 994 2214 quousque
1020 2127 1049 2193 ei
1075 2129 1248 2193 reddantur

246 2239 312 2303 III.
329 2239 410 2302 libri.

306 2500 466 2583 [Rouana
488 2520 551 2563 run
574 2501 767 2582 Daranissa,
789 2526 818 2567 o.
842 2503 988 2565 Grussur
1011 2521 1052 2564 nr
1072 2501 1193 2584 Genu]

291 2637 339 2700 De
355 2637 402 2700 II.
419 2638 572 2700 carucatis
588 2644 679 2701 terrea
699 2661 777 2723 quas
800 2638 996 2721 calumpniat
1013 2637 1170 2701 Robertus
1184 2637 1248 2700 dis-

246 2755 393 2832 pensator
418 2770 510 2832 super
537 2749 750 2812 Gislcbcrtum
782 2749 820 2812 de
851 2749 939 2812 Gant
968 2749 1003 2810 in
1034 2748 1164 2811 Screnbi
1194 2771 1250 2831 per

247 2858 373 2940 Wiglac
404 2867 630 2924 antecessorem
661 2883 764 2939 suum,
791 2860 870 2924 dicit
894 2867 1055 2943 wapentac
1087 2882 1149 2923 non
1176 2883 1248 2923 eum

244 2968 389 3033 habuisse
400 2970 462 3032 nisi
473 2971 696 3046 Icarucatam,
707 2977 740 3034 et
752 2993 822 3034 soca
832 2970 870 3034 de
883 2971 952 3054 ipsa
961 2978 1029 3033 erat
1038 2971 1072 3033 in
1083 2970 1246 3034 Burdenai.

246 3078 373 3161 Wiglac
400 3085 506 3142 autem
530 3080 682 3144 forisfecit
709 3103 779 3145 eam
808 3087 925 3144 terram
948 3085 1058 3144 contra
1083 3080 1247 3145 dominum

246 3210 340 3252 suum
358 3188 572 3253 Gislebertum
588 3197 621 3255 et
638 3192 707 3256 ideo
732 3192 888 3256 Robertus
910 3190 956 3254 nil
979 3190 1076 3255 habet
1091 3191 1134 3255 ibi
1158 3193 1246 3255 testi·
1301 3250 1303 3255 ,

247 3298 353 3362 monio
369 3299 505 3382 treding.

422 3685 668 3750 CLAMORES
693 3690 746 3753 IN
770 3692 1084 3757 NORTREDING.

481 3847 555 3930 [Ivo
579 3848 733 3914 Taruaors
757 3875 783 3915 o.
808 3853 880 3916 Tira
905 3854 1022 3939 Krau]

292 3980 331 4042 In
358 3979 529 4064 Limberge
552 3983 668 4048 clamat
691 3987 748 4050 Ivo
764 3986 926 4052 Tallebosc
951 4013 1043 4074 super
1059 4013 1165 4074 regem
1184 3990 1247 4053 VI.

246 4090 377 4155 bovatas
407 4099 498 4157 terre.
547 4095 666 4159 Dicunt
690 4097 833 4162 homiues
863 4100 1034 4166 comitatus
1065 4101 1150 4185 quod
1180 4101 1246 4185 ipse

247 4201 340 4267 debet
356 4203 469 4269 habere
483 4210 611 4286 terram,
628 4213 660 4271 et
676 4231 728 4272 rex
745 4231 860 4274 socam.
