3000 4972
248 535 288 600 76
498 550 630 596 etiem
653 548 1002 595 inem-uonmmci.

246 704 297 771 vel
311 703 346 768 in
360 702 453 769 feudo
463 702 548 782 darc,
558 703 624 767 eive
642 703 676 766 in
688 702 780 767 feudo
799 701 899 767 firma.
925 750 933 767 .
967 749 976 767 .
1007 747 1015 765 .
1052 702 1123 767 Hoc
1141 707 1248 766 actum

245 819 295 881 est
322 836 427 879 coram
449 813 500 877 his
521 813 674 892 testibus3
705 811 837 896 Nigello
867 813 906 877 de
937 810 1014 909 Oili,
1038 813 1178 895 Hugone
1209 813 1249 879 de

248 923 458 1002 Bochelanda‚
482 923 645 988 Willelmo
671 922 865 1002 vicecomite,
896 921 1034 987 Rcdulfo
1063 923 1186 1003 Basset,
1215 928 1248 988 et

246 1035 419 1102 multorum
434 1033 576 1100 aliorum.

395 1740 523 1822 [ΑΒΜ
538 1741 694 1806 Fuimus
708 1763 737 1807 0.
755 1741 932 1809 Goscntm.
979 1743 1107 1826 1101]ι

246 1891 314 1960 [i'he
335 1892 453 1957 plaintiff
475 1908 593 1944 movere
611 1892 750 1958 judgment
769 1894 798 1943 in
816 1893 857 1943 hie
874 1911 933 1945 own
950 1899 1027 1946 court
1046 1895 1074 1943 in
1096 1897 1200 1957 respect
1221 1891 1251 1943 of

585 1971 697 2020 another
707 1971 824 2034 knight’e
834 1971 898 2037 see]

245 2084 509 2150 D1s1emoitiv1e
545 2084 643 2150 etiam
680 2107 716 2149 eo
753 2085 804 2150 die
833 2085 930 2150 abbas
965 2085 1103 2150 Faritius
1140 2091 1251 2149 contra

246 2194 456 2260 Godcelinum
493 2194 532 2260 de
570 2195 699 2260 Riveria
732 2195 896 2261 servitium
932 2196 1027 2259 unius
1064 2195 1175 2260 militis
1211 2195 1250 2258 de

249 2305 382 2371 Bedena.
427 2305 518 2370 Idem
542 2305 667 2370 dicebat
690 2328 723 2370 se
745 2328 811 2370 non
833 2306 944 2372 debere
959 2306 1060 2371 facere
1075 2305 1250 2384 servitium,

244 2415 308 2481 nisi
343 2417 479 2481 duorum
515 2415 669 2496 militum,
697 2439 754 2501 pro
792 2415 885 2482 feudo
922 2440 1015 2502 quem
1052 2415 1183 2481 tenebat
1212 2416 1250 2481 de

243 2527 385 2608 ecclesia,
398 2533 432 2592 et
455 2526 553 2592 abbas
578 2533 611 2592 et
634 2526 684 2590 sui
707 2526 856 2591 dicebant
870 2549 942 2592 eum
958 2527 1070 2592 debere
1084 2526 1250 2591 servitium

243 2638 342 2705 trium
366 2638 519 2704 militum.
563 2638 704 2703 'lbndem
728 2660 802 2703 vero
824 2637 1075 2704 vadimonizcvit
1101 2643 1134 2702 et
1152 2637 1250 2703 servi·

243 2749 326 2815 tium
350 2755 383 2815 et
408 2755 530 2814 rectum
554 2749 673 2828 abbati,
688 2757 722 2814 et
736 2748 887 2828 firmavit,
903 2755 937 2814 et
950 2749 1079 2815 omnino
1097 2749 1251 2814 concessit

244 2883 276 2927 se
292 2867 325 2926 et
339 2860 450 2926 debere
465 2860 566 2925 facere
580 2865 613 2925 et
627 2861 666 2925 de
680 2865 792 2925 caetero
807 2859 968 2924 facturum
983 2859 1081 2924 trium
1108 2860 1249 2924 militum

243 2971 421 3037 servitium.
466 2973 512 3036 Et
526 2971 585 3036 hoc
600 2977 707 3036 actum
724 2971 831 3036 estin
856 2969 1102 3036 Abbendonensi
1127 2994 1250 3037 camera

243 3103 348 3147 eoram
362 3081 476 3147 abbate
494 3081 612 3146 Faritio
627 3081 803 3145 multorum
819 3080 1011 3146 testimonio.

407 3794 536 3876 [Annei
550 3794 706 3859 Fimnue
721 3817 748 3860 0.
763 3795 875 3861 Nicen
888 3814 931 3859 nc
946 3794 1086 3879 01L1o.]²

264 3953 332 4022 [i'he
343 3955 460 4019 pleintiff
466 3970 586 4006 reoovcre
593 3955 732 4022 jndgment
742 3957 770 4007 in
781 3961 884 4021 respect
895 3958 925 4007 of
932 3973 949 4007 n
958 3958 1029 4007 third
1040 3956 1157 4021 knight'e
1168 3955 1232 4022 see]

245 4094 416 4160 Nlemus
425 4094 464 4159 de
479 4093 564 4160 Oilio
575 4096 705 4161 tenebat
715 4120 815 4162 unum
825 4102 952 4182 pratum
963 4094 1047 4181 apud
1058 4094 1249 4176 Oxenesord,

311 4292 321 4328 ¹
337 4295 436 4347 efflat.
447 4296 517 4348 Mon.
527 4294 639 4362 Abingd.
651 4296 700 4348 129
711 4294 783 4363 (Reo.
795 4295 887 4363 Gom).
1041 4295 1053 4331 ²
1069 4295 1110 4346 Ib.
1127 4295 1184 4345 182.
