3000 4972
651 571 792 614 wnunu
817 572 841 614 1.
1205 549 1244 609 61

314 798 442 880 [Annon
464 817 503 861 on
526 798 717 861 Tnvisnocn.
764 799 891 861 Mnnon
912 815 952 859 on
976 790 1178 878 Onwnnoin]

287 933 336 998 De
351 932 511 997 mansione
526 955 598 1016 quae
610 938 739 1028 vocatur
749 931 925 996 Olwritonu
934 937 1001 997 erat
1014 930 1140 995 saisitus
1151 931 1248 995 abbas

246 1044 505 1108 Tauestochensis
519 1066 555 1108 ea
573 1044 623 1108 die
645 1066 708 1128 qua
728 1066 781 1107 rex
802 1043 984 1108 Willelmus
1010 1042 1098 1129 misit
1119 1043 1250 1107 barones

243 1178 315 1219 suos
341 1156 381 1219 ad
408 1154 609 1239 inquirendus
632 1161 730 1218 terras
760 1155 901 1238 Angliae,
916 1161 961 1219 nt
984 1162 1158 1219 antecessor
1173 1177 1249 1218 suus

242 1272 316 1328 ante
331 1287 403 1328 eum
419 1265 522 1329 fuerat
536 1264 610 1330 inde
632 1264 768 1343 saisituS,
784 1271 817 1328 et
841 1289 896 1349 per
921 1266 1051 1329 barones
1070 1265 1154 1349 regis
1176 1265 1249 1330 inde

242 1375 407 1441 desaisitus
422 1374 495 1453 suit,
511 1381 639 1460 propter
658 1376 741 1459 quod
757 1376 815 1439 hoc
830 1376 940 1440 testati
955 1382 1030 1440 sunt
1048 1374 1147 1459 Angli
1165 1375 1249 1459 quod

243 1487 284 1552 ud
313 1486 471 1551 abbatiam
496 1509 558 1551 non
584 1487 738 1570 pertinuit
764 1509 801 1550 ea
825 1486 876 1550 die
903 1510 965 1572 qua
992 1509 1046 1551 rex
1073 1485 1248 1551 Edwardus

246 1599 338 1664 vivus
353 1606 386 1663 et
400 1604 544 1661 mortuus
560 1597 643 1664 fuit)

402 1783 450 1831 See
461 1782 515 1831 The
528 1782 599 1845 King
609 1798 631 1831 v.
645 1783 730 1832 Abbot
741 1783 771 1832 of
780 1784 925 1842 Tavistook,
936 1791 1000 1844 post,
1012 1799 1038 1846 p.
1049 1785 1090 1834 69.

251 2166 363 2250 [Lunn
386 2187 423 2232 in
448 2169 638 2232 Founs'ronn.
686 2169 794 2233 Pnoon
824 2190 864 2232 nn
888 2170 1014 2234 Bit-run
1045 2189 1086 2234 on
1113 2170 1249 2234 Onnunn

662 2280 829 2364 ossuum]

293 2439 386 2503 Hane
410 2445 526 2503 terram
556 2439 604 2524 [in
629 2440 808 2525 Fotestorp]
831 2441 1065 2526 calumpniatur
1088 2464 1154 2506 esse
1177 2441 1251 2507 libe·

245 2573 313 2614 rum
330 2549 479 2615 Ulchetel
496 2550 590 2615 homo
608 2551 750 2631 Hemeri,
768 2573 966 2637 quocumque
981 2553 1073 2617 modo
1089 2552 1251 2636 judicetur

247 2660 299 2725 vel
313 2660 394 2725 bello
410 2660 460 2725 vel
478 2660 607 2744 juditio.
652 2661 696 2724 Et
718 2660 798 2724 alius
820 2662 914 2725 homo
928 2668 1042 2746 praesto
1057 2668 1106 2726 est
1121 2663 1252 2747 probare

244 2771 295 2836 vel
314 2771 396 2836 bello
412 2770 462 2836 vel
484 2770 602 2854 juditio
624 2770 706 2855 quod
724 2770 851 2852 jacebat
872 2771 912 2835 ad
933 2770 1104 2835 aecelesiam
1126 2773 1251 2837 Sanctae

246 2882 444 2947 AEdeldredae
460 2882 510 2946 die
530 2904 592 2966 qua
612 2904 667 2945 rex
678 2880 884 2945 AEduuardus
898 2881 989 2961 obiit,
1004 2889 1037 2947 et
1051 2887 1150 2966 utque
1164 2881 1252 2947 dedit

248 2993 464 3057 vadimonium
487 3015 590 3057 suum.
644 2993 690 3056 Et
711 2997 816 3055 totum
839 2990 982 3056 hundred
1004 2998 1143 3056 testatur
1167 2993 1252 3078 quod

240 3102 344 3185 jacuit
370 3102 410 3166 ad
434 3101 597 3168 ecclesium
625 3102 749 3166 Sanetus
776 3100 971 3167 AEdeldredae
996 3108 1137 3188 tempore
1166 3102 1252 3188 regis

247 3212 420 3278 Edwardi?

284 3394 292 3426 ¹
311 3398 385 3446 Exon
401 3398 548 3462 Doomsduy
563 3397 591 3459 (4
607 3396 752 3462 Doomut),
768 3399 816 3449 165
830 3398 958 3462 (Originnl
979 3404 1084 3451 returns
1103 3400 1133 3450 of
1147 3402 1252 3451 Doomu·

247 3475 282 3525 du
313 3510 319 3522 .

279 3474 446 3619 {inquisitio
468 3557 538 3606 Com.
563 3558 671 3608 Cuntnb.
696 3560 752 3617 1³1,
777 3559 911 3608 Humilton
944 3560 1072 3621 (Originul
1095 3565 1201 3612 returns
1224 3560 1253 3610 oi

247 3635 413 3698 Doomsduy).
