3000 4972
660 567 803 612 areunae
825 569 850 612 1.
1198 549 1260 610 285

261 747 415 830 [Hennae
432 769 471 813 en
491 750 543 815 Sr.
566 750 606 816 Q.
628 775 657 815 v.
681 752 831 815 Svnrnnn
851 772 890 816 os
914 753 947 816 1⁴¹.
965 772 1002 815 nr
1022 772 1071 815 nn.
1127 751 1257 835 1195.]¹

255 903 321 967 [Tho
337 906 491 956 defendants
507 923 551 955 are
571 909 695 971 appealed
714 907 743 957 of
764 910 885 972 entering
908 909 952 957 the
975 907 1113 970 plaintiff’s
1133 910 1260 970 promises

319 983 480 1047 feloniously,
495 987 559 1033 with
571 987 640 1035 soree
652 987 703 1034 and
714 1002 792 1045 arms,
805 987 856 1034 ond
868 988 991 1049 carrying
1004 986 1043 1033 off
1051 987 1110 1034 turs
1118 1008 1124 1044 5
1141 986 1193 1034 and
1206 987 1260 1035 this

318 1060 364 1108 the
375 1062 491 1123 plnintiff
501 1063 577 1111 offers
589 1066 617 1111 to
627 1078 707 1125 prove
718 1065 753 1125 by
764 1064 801 1112 W.
818 1064 850 1112 N.
862 1064 915 1112 and
933 1065 964 1112 n.
977 1064 1006 1112 os
1021 1064 1060 1112 St.
1072 1064 1107 1111 M.
1143 1064 1196 1112 The
1215 1064 1258 1112 de·

319 1139 426 1187 sendnnt
446 1140 483 1187 W.
498 1155 584 1188 comes
605 1140 655 1188 and
673 1140 781 1189 defends
800 1142 846 1190 the
865 1142 960 1203 selony,
982 1141 1033 1189 und
1052 1155 1113 1202 says
1131 1141 1190 1188 that
1214 1141 1260 1188 the

318 1217 442 1276 promises
456 1217 520 1264 srom
532 1216 616 1265 which
627 1217 660 1264 he
673 1219 734 1265 took
751 1219 795 1265 the
807 1218 865 1265 turi
873 1234 941 1266 were
962 1219 1002 1265 his
1020 1234 1079 1265 own
1096 1217 1172 1265 srank
1184 1222 1256 1266 tenc-

318 1296 398 1350 ment,
408 1293 459 1339 nnd
469 1296 514 1341 not
526 1293 585 1341 that
597 1293 626 1340 of
634 1295 679 1342 the
690 1294 810 1355 plaintiff.
845 1295 900 1342 The
910 1294 1055 1343 defendant
1068 1295 1098 1342 R.
1111 1294 1257 1342 eoinesnnd

317 1369 425 1419 defends
451 1372 606 1434 evorything
633 1372 746 1431 ohnrged
776 1388 846 1434 upon
869 1373 924 1420 him
946 1374 976 1420 do
997 1372 1069 1420 <verbo
1093 1373 1122 1418 tn
1145 1372 1256 1419 uerbum.

317 1447 460 1510 Jndgrnent
472 1449 531 1498 that
543 1450 587 1498 the
599 1450 691 1497 sheriff
698 1466 775 1498 ennae
791 1466 807 1498 a
819 1452 885 1499 view
902 1449 931 1498 of
947 1451 992 1498 the
1009 1449 1070 1498 land
1089 1450 1115 1497 in
1135 1450 1256 1511 question

317 1526 352 1588 by
371 1527 430 1575 four
448 1527 564 1591 knights,
582 1528 634 1576 and
651 1529 687 1591 by
706 1530 778 1577 them
800 1532 889 1590 repert
909 1533 936 1576 to
959 1528 1044 1576 whom
1065 1528 1110 1576 the
1128 1528 1255 1589 promises

320 1603 435 1668 belong]

255 1727 431 1794 Hennaeus
454 1731 492 1795 de
518 1732 634 1796 Sancto
659 1733 814 1799 Quintino
835 1732 973 1816 appellat
997 1732 1192 1817 Stephanum
1218 1731 1256 1795 de

253 1840 474 1924 Fauconherge
504 1850 537 1905 et
563 1843 760 1907 Willelmnm
784 1844 823 1907 de
847 1843 991 1927 Killinge
1013 1849 1046 1907 et
1061 1842 1253 1907 Everardnm

252 1949 291 2012 de
314 1950 473 2016 Whitieco
498 1958 531 2016 et
552 1953 724 2016 Robcrtum
739 1953 777 2016 de
794 1951 975 2016 Tudintona
990 1958 1022 2016 et
1042 1951 1166 2016 illorum
1188 1951 1254 2015 vim

251 2060 336 2143 quod
347 2069 500 2126 venerunt
512 2062 544 2126 in
558 2069 673 2128 terram
683 2086 770 2127 suam
782 2063 819 2127 de
832 2065 972 2127 Bortona
983 2086 1056 2127 cum
1067 2064 1098 2126 vi
1111 2070 1143 2127 ct
1158 2064 1254 2127 armis

250 2178 283 2234 et
306 2170 446 2236 robberia
460 2181 492 2236 et
508 2174 652 2257 nequiter
671 2182 703 2239 et
724 2175 757 2238 in
780 2177 873 2258 paee⁹
897 2173 1018 2238 domini
1040 2173 1122 2257 regis
1146 2196 1252 2257 aspor-

250 2288 398 2345 taverunt
416 2283 529 2346 catalla
549 2307 605 2347 sna
628 2284 747 2348 seilicet
770 2284 879 2348 turbas
909 2283 949 2348 ad
979 2284 1152 2348 valenciam
1182 2284 1253 2349 LX.

250 2392 418 2456 solidorum
443 2401 476 2458 et
499 2418 534 2458 ca
555 2396 712 2460 duxerunt
738 2395 910 2459 incuriam
937 2394 1021 2458 illius
1037 2394 1201 2471 Willehni,
1221 2402 1254 2460 ct

250 2503 308 2567 hoc
318 2504 409 2568 offert
424 2505 552 2589 probare
565 2530 618 2589 per
629 2506 806 2570 Waltcrum
818 2506 994 2571 Norensem
1007 2506 1062 2589 qui
1072 2512 1177 2569 eustos
1186 2512 1253 2570 erat

248 2620 336 2679 terra>
352 2614 435 2679 illius
450 2639 556 2680 versus
580 2617 682 2701 ipsum
700 2616 897 2681 Willelmnm
912 2623 946 2682 et
960 2641 1014 2701 per
1030 2617 1200 2681 Ricardum
1214 2616 1253 2682 de

251 2727 368 2789 Sancto
383 2725 540 2790 Michaclo
554 2749 658 2789 versus
671 2727 844 2791 Rebertum
857 2727 911 2809 qni
922 2749 993 2790 enm
1007 2726 1089 2791 vidit
1101 2725 1132 2789 in
1147 2725 1177 2789 vi
1188 2725 1251 2804 illa,

248 2845 281 2900 ct
301 2836 472 2900 vicecomes
493 2843 628 2901 testatur
643 2838 724 2920 quod
743 2839 922 2920 Stephanus
937 2859 1000 2900 non
1025 2836 1087 2901 fuit
1102 2837 1252 2901 inventus

247 2947 372 3031 quando
397 2946 601 3010 summonitio
626 2947 726 3031 primo
745 2947 842 3024 venit,
862 2946 935 3030 quia
964 2952 1013 3010 est
1042 2946 1127 3010 ultra
1156 2970 1250 3011 marc.

247 3056 427 3121 Willelmns
440 3056 713 3122 venitetdefendit
724 3057 907 3121 seloniamet
918 3056 1090 3121 robberiam
1102 3063 1134 3121 ct
1145 3063 1250 3121 totum

246 3168 284 3232 do
299 3166 394 3231 verbo
412 3167 444 3230 in
464 3166 593 3231 verbnm
609 3173 642 3231 et
658 3167 830 3251 dicitquod
847 3168 955 3232 turbas
971 3190 1049 3250 qnae
1064 3167 1249 3252 asportavit,

245 3277 421 3362 asportavit
435 3277 473 3341 de
489 3276 585 3341 libero
595 3282 776 3340 tenemento
791 3300 847 3340 sno
862 3277 944 3341 etde
957 3277 1045 3341 feodo
1060 3300 1128 3357 suo,
1137 3283 1170 3342 et
1185 3300 1249 3342 non

245 3390 280 3454 in
303 3389 391 3452 feodo
414 3387 513 3474 ipsius
529 3386 689 3465 Huberti3
713 3392 746 3451 et
767 3387 932 3451 Hubertns
950 3387 1029 3451 dicit
1043 3387 1127 3471 quod
1141 3387 1250 3451 turbae

244 3499 313 3563 illas
340 3499 445 3563 fodere
469 3506 502 3562 et
523 3497 621 3563 iacere
633 3498 709 3563 fecit
724 3503 892 3582 postquam
906 3497 1054 3561 dominus
1069 3522 1123 3563 rex
1140 3499 1248 3563 Ricar-

245 3610 303 3674 dns
315 3609 468 3693 applicuit
478 3609 516 3673 de
532 3608 720 3672 Alamannia
735 3607 815 3671 bene
830 3615 862 3672 et
878 3607 910 3671 in
926 3631 1001 3692 paee
1015 3615 1049 3672 et
1063 3608 1130 3673 sine
1145 3608 1249 3694 aliquo

244 3720 356 3785 elamio
374 3719 456 3804 qnod
474 3719 652 3782 Willelmns
678 3718 751 3782 inde
767 3718 899 3796 fecisset,
916 3726 948 3782 et
959 3718 1042 3802 qnod
1057 3724 1129 3801 post
1146 3726 1248 3781 trans·

243 3831 445 3895 fretncionem
458 3828 578 3891 domini
589 3828 671 3911 regis
687 3828 720 3890 in
731 3828 960 3892 Normanniam
972 3828 1040 3892 illas
1056 3828 1247 3911 asportavit3

242 3949 276 4006 et
293 3941 448 4004 Rehertus
463 3945 567 4002 totum
583 3937 724 4001 defendit
740 3961 863 4001 versum
880 3937 985 4020 ipsum
1003 3938 1184 4002 Hubertum
1208 3939 1247 4003 de

243 4051 339 4117 verbo
368 4050 402 4114 in
430 4048 570 4113 verbum.
614 4046 855 4112 consideratum
887 4053 935 4110 est
962 4046 1046 4130 quod
1075 4045 1247 4112 vicecomes

373 4249 382 4282 ¹
400 4253 460 4302 Rot.
471 4251 531 4299 Gur.
543 4249 682 4312 Regis,'38.
977 4248 988 4281 ¹
1005 4246 1117 4311 paoem?
