3000 4972
292 544 352 606 136
537 561 671 606 rmorm
693 560 1042 606 sueno-uoausnnrem

288 713 450 797 suggessit
472 713 543 796 regi
567 713 599 777 in
622 713 822 778 Normannia
836 712 998 776 ecclesiam
1019 718 1051 774 et
1070 716 1185 775 terram
1208 733 1288 794 prae·

288 825 386 887 satam
401 825 474 907 jure
489 823 677 887 hereditario
692 823 732 886 ad
747 822 954 906 sepertinere.
1002 820 1096 885 Quod
1111 843 1182 885 cum
1198 821 1289 885 facile

288 934 318 997 ei
332 933 547 1016 persuasisset,
572 933 647 1016 quia
670 933 771 996 desuit
790 933 843 1015 qui
868 933 1036 1010 resisteret,
1057 954 1131 1014 rege
1147 931 1289 1014 jubente,

291 1044 402 1110 Simon
425 1051 541 1109 terram
566 1066 638 1108 cum
663 1044 788 1108 ecclesia
814 1042 965 1120 saisiavit,
983 1048 1016 1106 et
1039 1042 1160 1105 tamdiu
1185 1043 1288 1107 tenuit

289 1178 449 1240 quousque
474 1156 570 1220 abbas
584 1155 773 1219 Vincentius
796 1155 893 1238 hujus
915 1153 974 1217 loci
1001 1159 1108 1237 pastor
1131 1153 1288 1218 successit.

291 1266 443 1332 Quicum
459 1267 498 1331 de
517 1291 550 1332 re
572 1267 645 1346 ista,
661 1267 742 1330 sicut
764 1266 803 1331 de
825 1266 944 1350 injuste
966 1266 1082 1345 ablata,
1097 1288 1199 1329 coram
1216 1286 1289 1348 rege

288 1376 480 1442 calumniam
499 1384 648 1456 moveret,
672 1376 843 1459 Simonque
865 1376 1034 1459 cogitasset
1057 1398 1152 1458 quam
1170 1375 1290 1458 injuste

289 1511 359 1552 eam
373 1489 505 1573 adeptus
519 1488 640 1568 fuisset,
652 1488 726 1552 talis
741 1488 868 1552 tandem
884 1487 967 1551 inter
982 1486 1126 1550 abbatem
1143 1495 1176 1550 et·
1185 1487 1290 1570 ipsum

290 1598 451 1664 Simonem
466 1598 538 1663 finis
551 1600 668 1663 evenit.

324 1759 348 1808 A
359 1760 504 1823 quit-claim
516 1759 546 1808 of
554 1760 589 1808 all
600 1761 646 1809 the
657 1764 782 1821 property
794 1758 824 1807 ol
832 1759 877 1808 tlre
889 1759 974 1820 abbey
986 1759 1021 1820 by
1035 1758 1122 1807 Simon
1134 1757 1239 1806 follows

453 2260 583 2348 [Auser
608 2262 715 2325 Perna
737 2284 765 2326 v.
791 2263 915 2326 Brsrror
940 2261 1131 2344 Rannmn.]¹

293 2418 362 2485 [The
373 2422 490 2484 pluintiff
501 2437 621 2472 recovers
633 2423 678 2472 the
689 2424 757 2487 body
769 2423 798 2472 of
813 2440 829 2472 e
845 2423 970 2472 deceased
988 2438 1089 2485 person,
1106 2421 1208 2472 carried
1218 2435 1292 2484 away

355 2499 392 2562 by
403 2499 471 2549 force
482 2501 575 2564 bytho
586 2500 747 2560 detendent3
761 2501 806 2550 the
818 2501 879 2549 tn'el
890 2501 968 2563 being
979 2501 1065 2550 before
1077 2501 1122 2549 the
1136 2500 1208 2561 king,
1219 2497 1292 2547 amh-

356 2575 449 2638 bishop
465 2576 581 2719 ΔυίοΙω,
598 2578 644 2626 the
663 2578 719 2627 carl
737 2579 767 2627 ot'
780 2579 899 2638 Mellent,
918 2577 970 2626 and
988 2578 1102 2640 bishops,
1121 2577 1223 2632 abbate,
1241 2572 1294 2624 and

354 2657 430 2716 great
440 2669 507 2704 men.

292 2809 418 2874 lsnus²
444 2816 583 2894 tempore
609 2810 670 2874 fuit
695 2811 826 2894 grandis
849 2809 1010 2874 altercatio
1034 2810 1116 2874 inter
1140 2810 1292 2873 domnum

291 2919 437 2985 abbatem
445 2920 1293 3006 Petrum,etRemelinumepiscopumHerefordensem,

244 3105 246 3108 y
292 3030 324 3093 in
336 3033 501 3115 presentia
510 3031 782 3116 regisHenrici,et
791 3030 1050 3095 domniAnselmi
1060 3030 1293 3114 archiepiscopi,

292 3145 325 3203 et
341 3141 471 3205 Roberti
487 3141 611 3206 comitis
626 3141 664 3206 de
680 3142 827 3220 Mellent,
837 3148 868 3206 et
884 3141 1056 3205 multorum
1068 3141 1293 3226 episcoporum,

294 3250 456 3330 abbatum,
473 3257 505 3316 et
524 3274 697 3336 procerum,
708 3252 742 3314 in
759 3253 964 3317 Pentecosten
982 3274 1039 3337 pro
1054 3252 1210 3316 ablatione
1228 3275 1294 3316 cor·

293 3361 378 3445 poris
394 3362 554 3446 Radulphi
569 3362 627 3425 filii
649 3362 804 3440 Askitilli,
823 3363 905 3448 quod
921 3363 973 3428 ille
995 3363 1159 3448 episcopus
1182 3363 1293 3427 Reme-

294 3472 379 3535 linus
393 3495 448 3556 per
463 3473 528 3537 vim
550 3473 741 3552 abstulerat,
765 3481 797 3538 et
812 3475 875 3538 fuit
889 3475 1116 3539 dirationatum
1131 3479 1169 3537 ut
1183 3495 1295 3559 corpus

294 3582 499 3661 defoderetur,
515 3589 548 3647 et
562 3583 754 3661 redderetur,
770 3584 908 3649 Roberto
925 3585 1040 3650 comite
1055 3583 1209 3669 judicium
1229 3583 1293 3648 dic·

296 3699 396 3773 tante‚
410 3699 449 3757 ut
463 3693 497 3756 in
509 3699 669 3777 posterum
689 3694 841 3759 heberent
855 3697 996 3762 universi
1010 3697 1139 3762 liberam
1155 3701 1292 3781 potesta·

295 3810 361 3869 tem
388 3826 420 3868 se
442 3802 621 3886 ubicunque
644 3802 711 3868 vivi
738 3803 965 3888 disposuerant,
990 3812 1063 3891 post
1087 3814 1221 3872 mortem
1246 3830 1293 3872 se·

291 3913 436 3999 peliendi.

327 4099 335 4130 ¹
354 4101 367 4147 1
380 4099 474 4148 chron.
485 4099 553 4147 Mon.
566 4097 654 4149 Glonc.
668 4100 698 4148 13
711 4099 783 4163 (Rec.
795 4099 886 4165 Com).
1028 4103 1039 4134 ¹
1054 4103 1142 4153 Abbot
1153 4103 1261 4155 Peter's.
