3000 4972
260 506 321 569 162
511 529 641 576 rnacnn
665 534 1011 586 suono-sonunramcn

260 677 356 759 justis
370 679 577 762 petitionibus
592 683 714 749 facilem
723 689 896 770 praebentes
911 714 1082 773 assensum,
1092 700 1161 761 tam
1172 721 1268 784 saepe-

262 788 347 852 dicta
373 792 512 855 maneria
537 816 633 877 quam
656 797 718 861 alia
740 801 847 863 omnia
868 825 974 867 eorum
996 804 1080 870 bona
1101 813 1134 872 et
1148 832 1268 893 posses-

262 898 374 979 siones,
403 925 480 985 quas
507 904 540 966 in
567 908 804 988 praesentiarum
838 912 924 994 juste
953 916 1123 999 possident,
1153 920 1202 985 vel
1232 923 1268 986 in

262 1010 370 1075 futuro
385 1011 529 1098 legitime
544 1016 683 1081 habituri
699 1027 785 1100 sunt,
804 1023 878 1106 jura
892 1026 999 1105 etiam,
1015 1031 1267 1113 eonsuetudines,

260 1122 422 1188 libertates
448 1125 678 1193 rationabiliter
704 1130 855 1214 indultas,
870 1139 1059 1205 auctoritate
1084 1143 1176 1206 officii
1202 1167 1266 1228 quo

261 1235 426 1319 fungimur
449 1236 524 1321 ipsis
550 1239 780 1322 confirmamus,
795 1250 828 1309 et
851 1251 1013 1331 praesentis
1035 1252 1143 1337 scripti
1165 1260 1266 1320 attae.-

260 1349 382 1415 tatione
397 1349 587 1414 roboramus.

518 2055 658 2143 [Morus
680 2079 719 2122 or
743 2057 999 2142 Gnouonsran.]¹

460 2232 527 2297 [Tha
543 2208 702 2298 kings'wm
712 2251 742 2285 as
753 2239 782 2284 to
793 2236 875 2285 tithan
886 2235 914 2284 of
926 2232 1048 2299 Barbam]

257 2378 448 2443 simmam
479 2402 532 2443 rex
563 2380 689 2464 Anglian
721 2379 836 2443 Miloni
871 2378 1083 2457 Gloueestriae,
1113 2376 1256 2441 salutern.

255 2489 403 2573 Praeeipio
418 2489 478 2553 tibi
493 2492 575 2576 quod
586 2492 673 2574 juste
688 2492 781 2556 facias
796 2492 908 2556 habere
923 2491 1091 2554 monaolros
1108 2488 1256 2554 Glouees·

254 2599 324 2663 triae
338 2601 490 2665 decimam
511 2625 599 2667 suam
623 2603 660 2667 de
681 2603 840 2667 Barthona
856 2602 938 2666 sieut
962 2600 1073 2665 malins
1087 2605 1119 2664 et
1135 2599 1257 2683 plenius

254 2711 432 2775 habuerunt
461 2717 600 2798 ternpore
628 2713 711 2798 regis
738 2712 879 2792 Henrici,
907 2735 946 2776 ne
975 2733 1069 2794 super
1096 2708 1155 2773 hoa
1183 2709 1256 2774 inde

252 2822 417 2889 clamorem
433 2825 568 2891 audiam.

261 3367 387 3449 [Annos
408 3384 448 3428 or
472 3364 684 3428 Gnoncnsran
705 3387 733 3428 a.
760 3365 902 3443 Ronnnr,
927 3365 994 3428 Sora
1015 3340 1056 3427 ob
1079 3362 1235 3440 Wsnrns,

681 3493 720 3537 nr
734 3475 819 3557 nn.]²

293 3630 361 3696 [Tho
372 3632 442 3695 king
445 3646 458 3681 s
468 3632 529 3680 writ
540 3632 570 3680 of
578 3631 656 3681 soisin
668 3632 696 3679 in
707 3631 798 3680 favour
809 3632 839 3679 of
846 3632 891 3679 tho
902 3632 982 3681 abbot
992 3633 1023 3681 of
1031 3627 1204 3694 olonnenses]

249 3776 451 3849 sinamus,
478 3794 532 3836 rex
562 3771 752 3855 Anglorum,
785 3772 924 3837 Roberto
963 3772 1027 3836 filio
1053 3771 1187 3836 Walteri
1216 3774 1249 3835 et

248 3882 402 3948 ministris
417 3881 491 3958 suis,
506 3881 650 3947 salutem.
695 3883 844 3966 Praecipio
866 3883 950 3967 quod
971 3885 1057 3967 juste
1071 3879 1249 3968 resaysiatis

247 3995 394 4060 abbatem
408 3994 447 4058 de
463 3992 659 4058 Gloucestria
680 3993 719 4057 de
741 3993 868 4058 ecelesia
890 4017 947 4058 sua
961 3995 999 4060 de
1013 3994 1193 4072 Northona,
1209 3991 1248 4056 de

247 4107 338 4173 terris
353 4111 386 4171 et
400 4105 538 4180 decimis,
548 4111 581 4170 et
590 4105 628 4170 de
639 4105 786 4169 omnibus
797 4105 897 4170 eidem
913 4106 1046 4172 ecelesia
1060 4101 1247 4190 pertinenti·

313 4305 321 4337 ¹
340 4305 896 4370 mironnon.o10u0.17a(neo.oom.).
1034 4307 1129 4355 ²211).
1141 4306 1181 4354 aa.
