3000 4972
619 549 770 595 amensa.
1134 533 1193 595 147

190 696 272 762 inira
299 698 502 764 cantuariam
523 700 557 764 in
580 701 690 767 eodem
715 703 790 782 situ,
814 725 875 787 quo
900 708 968 768 erat
991 702 1115 788 quando
1140 703 1193 766 de·

190 816 349 874 structum
368 811 442 891 suit,
457 833 497 875 ne
523 835 614 896 super
639 813 698 877 hoo
721 813 836 898 aliquis
859 836 910 878 eos
931 814 1005 878 inde
1025 813 1193 879 disturbet.

191 921 285 986 'Peste
301 923 454 989 Warnero
469 923 508 989 de
524 924 653 1003 Laome,
668 923 752 1009 apud
767 923 984 989 Cantuariam.

340 1302 477 1385 [Esrmn
494 1321 533 1365 or
550 1303 686 1365 Raram
701 1302 880 1366 annrmnn.
928 1301 1056 1388 1142.]¹

193 1427 306 1495 [Reoord
318 1428 346 1477 oi
352 1429 492 1492 judgment
503 1430 625 1477 obtained
633 1430 667 1493 by
676 1431 721 1478 the
732 1430 829 1479 chorch
841 1430 870 1477 of
879 1430 918 1478 St.
930 1431 994 1478 Paul
1005 1430 1034 1478 of
1042 1429 1147 1477 London
1158 1427 1194 1492 (i)

256 1521 327 1568 upon
338 1507 490 1568 inquisition
510 1521 540 1554 aa
558 1512 586 1554 to
605 1507 704 1554 certain
723 1507 786 1555 land
804 1507 834 1554 oi
849 1509 910 1556 ΚΡ.
933 1508 1020 1556 before
1037 1507 1082 1555 the
1100 1505 1194 1568 biahop

258 1583 288 1631 of
301 1584 416 1723 LondEm,
428 1585 473 1632 the
484 1583 580 1632 barone
591 1582 643 1632 and
655 1582 748 1646 “legal
760 1583 842 1632 men”
854 1584 884 1633 oi
897 1585 942 1633 the
952 1583 1058 1644 ohuroh,
1070 1583 1194 1646 religiono

257 1660 310 1709 and
321 1660 372 1724 lay.

194 1767 233 1831 R.
250 1767 309 1830 Dei
325 1765 430 1852 gratia
445 1764 679 1830 Lundoniensis
694 1765 865 1850 episeopus,
878 1766 1004 1830 dilectis
1017 1766 1051 1829 in
1067 1766 1195 1830 Christo

192 1877 266 1941 filiis
299 1877 417 1941 decano
447 1881 480 1941 et
508 1875 732 1940 archidiaconis
762 1883 794 1940 et
822 1877 882 1940 toti
913 1877 1051 1961 capitulo
1084 1875 1195 1941 Sancti

193 1989 296 2068 Pauli,
312 1994 344 2053 et
358 1988 505 2053 omnibus
528 1986 698 2051 baronibus
725 1987 836 2051 Sancti
860 1987 963 2067 Pauli,
988 1993 1021 2052 et
1047 1988 1195 2052 omnibus

192 2100 340 2164 fidelibus
357 2106 390 2163 ot
405 2099 479 2163 filiis
495 2101 618 2162 Sancta)
634 2098 780 2163 Ecclesia
799 2121 855 2183 per
876 2099 1091 2183 episcopatum
1108 2099 1193 2163 Lon·

192 2210 374 2274 doniensem
386 2208 579 2287 constitutis,
591 2209 735 2274 salutem.
782 2209 893 2274 Sciant
907 2232 1016 2275 omnes
1030 2215 1097 2274 tam
1113 2233 1193 2293 praa·

193 2328 297 2386 sentes
320 2343 416 2406 quam
436 2319 546 2397 futuri,
562 2318 710 2403 quoniam
733 2319 767 2382 in
791 2319 952 2384 audientia
973 2326 1007 2385 et
1027 2320 1195 2405 praesentia

193 2438 300 2496 nostra
310 2455 365 2516 per
379 2430 510 2495 barones
524 2435 648 2492 nostros
664 2435 696 2494 et
711 2451 765 2513 per
776 2429 894 2513 legales
905 2430 1048 2495 homines
1060 2432 1195 2496 eeclesia

193 2549 306 2608 nostrae
321 2542 446 2606 elericos
462 2545 494 2606 et
508 2539 614 2616 laicos,
629 2539 789 2603 evidenter
803 2545 836 2603 et
851 2539 918 2603 sine
934 2539 1020 2604 omni
1036 2541 1194 2625 ambigui-

192 2660 260 2719 tate
277 2652 467 2738 inquisitum
490 2656 523 2715 et
545 2650 744 2734 recognitum
765 2654 823 2730 est,
843 2650 992 2735 quoniam
1014 2653 1195 2717 Rannulfus

193 2766 364 2844 Peurellus‚
373 2764 463 2848 eujus
478 2785 589 2846 eorpus
604 2761 638 2825 in
655 2771 762 2826 nostra
776 2761 943 2846 requiescit
958 2763 1096 2842 ecclesia,
1107 2764 1196 2831 dedit

193 2876 260 2940 Deo
275 2882 308 2940 et
324 2876 441 2939 Sancto
456 2873 565 2952 Paulo,
580 2896 635 2956 pro
645 2873 745 2937 salut-e
756 2873 869 2936 animae
882 2895 955 2951 suae,
967 2872 1000 2936 in
1013 2881 1194 2958 perpetuam

192 2987 406 3071 elemosynam
420 2991 538 3050 terram
554 3005 622 3067 quae
637 2987 767 3046 vocatur
781 2981 1041 3067 Edburghetona,
1053 2983 1090 3047 ad
1100 3007 1194 3048 usum

191 3097 356 3161 luminaris
392 3095 689 3160 eeclesia-terram
721 3093 885 3177 praefatam
911 3094 980 3158 Deo
1005 3101 1038 3159 et
1075 3096 1194 3161 Sancto

193 3209 291 3273 Paulo
307 3213 340 3273 et
354 3208 471 3272 decano
486 3212 519 3271 et
533 3205 682 3290 capitulo,
694 3204 733 3268 ad
749 3205 885 3270 eundem
908 3228 1002 3269 usum
1027 3205 1194 3271 luminaris

191 3319 232 3385 ad
257 3318 342 3405 quod
368 3318 444 3382 data
466 3324 526 3397 est,
552 3322 705 3402 tanquam
729 3339 819 3381 suam
842 3316 1001 3400 propriam
1027 3323 1193 3401 gratanter

191 3430 399 3498 concedimus.
458 3428 582 3493 Datum
621 3427 796 3492 Lundoniae
840 3449 924 3491 anno
962 3428 1191 3495 incarnaeionis

191 3540 366 3607 Dominicae
381 3537 573 3616 Mcxnss„
588 3537 784 3622 episcopatus
798 3536 900 3602 nostri
913 3536 1036 3622 prim03
1055 3562 1189 3622 praesen·

190 3653 288 3730 tibus,
303 3649 455 3714 fratribus
469 3654 502 3713 et
521 3648 596 3713 filiis
619 3649 735 3714 nostris
762 3648 899 3713 Radulfo
925 3650 1052 3730 decano,
1076 3656 1108 3715 et
1131 3651 1190 3716 Ri-

189 3764 281 3829 oardo
297 3762 402 3838 Rufio,
418 3765 451 3825 et
474 3760 608 3825 Ricardo
624 3759 771 3838 Balmeis,
798 3766 831 3825 et
856 3760 1015 3825 Ailwordo
1038 3761 1192 3827 archidia-

189 3875 287 3952 conis,
303 3872 428 3956 Rogero
444 3872 554 3935 Brimo
567 3870 715 3954 dapifero,
731 3870 893 3935 Willelmo
908 3871 946 3935 de
973 3872 1143 3952 Hooaend„
1158 3880 1193 3940 et

189 3985 352 4051 Willelmo
368 3982 432 4046 filio
456 3982 534 4065 ejus,
560 3988 593 4047 et
620 3981 754 4047 Osberto
782 3982 936 4061 Mascula,
960 3988 993 4047 et
1017 3983 1189 4049 Laurentio

190 4096 378 4173 Buoouinte‚
392 4093 425 4156 in
441 4092 661 4178 solempnitate
677 4091 831 4156 Pasahali.

412 4246 419 4278 ¹
439 4248 539 4307 Madox‚
552 4249 621 4299 Hist
633 4246 714 4296 Exoh.
726 4246 776 4295 134
787 4246 840 4309 (fot
853 4245 914 4307 ad.).

662 4357 682 4400 1.
705 4341 722 4398 2
