3000 4972
642 559 796 604 0111111.
1158 539 1219 602 153

217 709 350 774 vicarios
364 709 398 774 in
408 709 452 775 eis
464 711 652 790 instituisse,
660 712 744 795 ipsos
754 711 849 775 etiam
865 712 905 775 ab
920 711 984 775 hiis
998 710 1039 774 ad
1053 709 1221 775 arbitrium

219 843 312 884 suurn
328 822 492 905 pensiones
514 845 634 886 annuas
650 824 832 907 suscepisse,
847 846 920 888 eum
943 822 1103 887 occasione
1123 821 1221 885 cladis

218 930 336 996 bellieae
351 933 526 998 commissas
541 934 622 997 mihi
637 934 772 998 ecelesiae
787 935 939 1019 possessio
954 934 988 997 in
1004 932 1142 998 eeclesiis
1153 932 1222 1019 jam

218 1043 312 1109 dictis
334 1046 463 1109 turbata
483 1045 595 1110 fuisset
617 1069 672 1130 per
687 1046 869 1111 Gilbertum
891 1045 1038 1110 comitem
1061 1041 1223 1128 jamdicti

221 1155 359 1220 Gilberti
374 1157 568 1220 avunculum
584 1156 638 1241 qui
649 1162 728 1221 tunc
736 1158 805 1240 ejus
815 1163 949 1240 praeerat
958 1154 1147 1240 patrimonio
1162 1153 1222 1231 illi,

220 1266 352 1330 tutelem
365 1267 527 1347 exhibens,
539 1268 595 1351 qui
610 1269 754 1331 ecelesias
762 1269 830 1352 jam
846 1268 947 1332 dictas
962 1265 1152 1331 auctoritate
1166 1287 1223 1329 011

220 1377 253 1440 11
279 1377 438 1462 quendam
464 1376 714 1441 londoniensem
740 1377 888 1441 clericum
912 1379 1080 1461 Paganum
1095 1375 1223 1439 nomine

220 1488 398 1552 contulerat
422 1487 461 1551 ad
484 1487 649 1551 dominum
680 1487 943 1566 Iriucolniensem,
975 1487 1126 1551 adversus
1154 1486 1221 1569 jam

219 1599 343 1663 dietum
372 1599 521 1662 comitem
550 1606 584 1662 et
614 1605 825 1663 memoratum
861 1600 1027 1683 Paganum
1064 1598 1223 1683 querelam

220 1708 330 1788 detuli,
351 1708 629 1774 commissae·mihi
650 1706 784 1772 ecelesiae
807 1708 968 1792 justitiam
987 1709 1149 1793 postulans
1169 1731 1222 1772 cx·

220 1819 333 1885 hiberi.
356 1819 456 1902 Cujus
467 1819 663 1896 auctoritate,
674 1818 758 1902 apud
768 1819 989 1897 Eilesburiam,
1002 1843 1057 1903 per
1066 1819 1223 1884 Davidem

220 1931 473 1994 archidiaconum
489 1931 528 1994 de
544 1930 752 2013 Bukingham
764 1930 885 2014 synodo
897 1931 1022 2015 publice
1042 1936 1223 2008 convocata,

222 2046 343 2105 statuto
359 2041 439 2104 mihi
459 2042 508 2104 die
524 2041 699 2105 instructus
714 2041 801 2114 affui,
817 2064 885 2125 quae
901 2064 994 2127 supra
1013 2047 1090 2106 sunt
1104 2064 1222 2105 memo·
1258 2032 1262 2039 ⁴

222 2158 291 2215 rata
312 2151 469 2234 proposui,
485 2152 574 2215 bonae
600 2152 756 2216 memoriae
781 2152 946 2230 Bernardi‚
968 2152 1090 2216 dudum
1112 2153 1223 2216 Mene·

221 2264 327 2327 vensis
353 2263 501 2348 episcopi,
516 2264 751 2348 multarumque
767 2264 865 2348 ipsius
883 2264 996 2350 synodi
1021 2287 1224 2347 personarum

131 2410 135 2417 ·
222 2373 366 2438 munitus
381 2374 575 2452 testimonie,
586 2380 774 2439 memoratas
789 2374 932 2439 ecelesias
948 2374 1092 2460 synodali
1102 2374 1224 2458 judicio

223 2486 391 2572 reportavi.
436 2485 477 2549 In
493 2508 570 2570 quas
585 2508 657 2549 cum
675 2486 926 2551 Gloueestrensis
946 2486 1081 2550 eeclesiae
1097 2485 1223 2550 nomine

223 2620 320 2681 agens
335 2596 502 2681 episcopali
519 2597 707 2662 1101011110
724 2597 871 2661 inductus
883 2598 1006 2675 fuerim,
1018 2598 1088 2682 ipsa
1102 2597 1225 2662 easdem

223 2708 255 2772 in
280 2727 317 2772 eo
343 2708 538 2791 recuperavit
560 2707 707 2792 obsequio
730 2714 762 2773 01
781 2708 948 2792 episcopali
970 2707 1157 2772 auctoritate
1171 2728 1227 2790 per

224 2843 274 2884 me
291 2823 324 2883 01
347 2841 552 2883 successorem
571 2840 677 2881 meum
701 2818 852 2902 usquein
869 2840 1004 2902 praesens
1025 2823 1152 2901 tempus
1170 2815 1224 2880 ob·

222 2931 333 2995 1111111.
379 2929 439 2993 Cui
460 2930 491 2991 in
509 2930 576 3013 jam
597 2929 692 2992 dietis
706 2928 843 2993 eeclesiis
860 2950 932 2990 cum
948 2934 1053 2991 totum
1065 2927 1225 3007 collatum,

223 3049 256 3106 01
271 3041 352 3125 quod
370 3047 508 3124 potestas
522 3040 603 3103 laica
623 3047 656 3104 01
678 3039 761 3123 quod
783 3039 965 3124 episcopalis
991 3039 1133 3122 dignitas
1152 3061 1225 3102 001-

224 3154 303 3217 ferre
312 3157 427 3236 potest,
441 3152 566 3234 justum
575 3151 676 3215 videri
690 3155 796 3235 potest
813 3150 957 3215 ecclesias
971 3151 1037 3234 jam
1054 3151 1155 3214 dictas
1166 3150 1227 3214 sibi

225 3265 256 3328 in
282 3286 357 3348 pace
376 3261 510 3341 dimitti,
531 3268 563 3325 01
588 3262 813 3345 possessionem
845 3262 914 3346 ejus
938 3262 1071 3346 querelis
1100 3261 1229 3346 juvenis

224 3377 319 3458 longe
334 3378 406 3457 post
422 3373 491 3437 uati
506 3396 569 3436 non
584 3373 696 3437 debere
711 3372 855 3437 convelli.
893 3373 1044 3436 Valentis,

259 3561 327 3625 [The
339 3561 471 3623 following
481 3575 526 3610 arc
537 3560 582 3608 tho
593 3559 704 3622 original
721 3563 800 3621 grant
819 3559 871 3606 and
890 3559 1070 3608 confirmation
1087 3561 1170 3609 above
1189 3575 1228 3609 ro-

225 3639 310 3688 lerrod
321 3642 349 3687 to
358 3635 426 3702 :—]¹

271 3763 381 3826 Sciant
395 3767 563 3846 presentes
574 3766 607 3823 01
618 3758 729 3836 futuri,
741 3757 824 3841 quod
840 3780 899 3841 ego
916 3758 1075 3822 Robertus
1090 3759 1228 3831 Gernon,

227 3898 282 3960 pro
297 3874 397 3937 salute
413 3874 525 3936 animae
540 3894 616 3934 meae
631 3877 664 3934 01
679 3869 822 3933 omnium
834 3875 1065 3932 antecessorum
1080 3892 1230 3946 meorum,

225 3986 297 4051 dedi
313 3993 344 4050 01
359 3984 495 4048 00100001
511 3983 590 4059 Deo,
605 3986 639 4045 01
655 3981 772 4043 Sancto
787 3981 892 4057 Petro,
908 3985 941 4043 01
957 3980 1119 4041 monachis
1132 3979 1230 4042 Glou-

226 4098 356 4175 cestriae,
368 4093 528 4160 ecelesiam
545 4093 583 4155 de
599 4089 820 4172 Wireeesbury
836 4088 921 4152 etde
937 4088 1182 4167 Laverkestoke,
1198 4095 1231 4151 et

423 4297 429 4328 ¹
449 4298 569 4346 2Chron.
584 4294 651 4341 Mon.
665 4293 753 4340 Glouc.
767 4292 815 4339 161
828 4288 899 4353 (Boe.
912 4288 1002 4352 Com).
