3000 4972
605 549 778 594 aeuunnrx.
1125 537 1188 598 :305

462 697 560 766 [Isaac
581 717 603 752 c.
623 702 647 753 A
666 715 791 755 canuam
811 702 905 773 Nun]

219 796 252 850 In
266 798 416 871 Sinthinga,
428 800 625 873 calumpniatur
637 804 750 874 quedam
763 823 878 876 paupera
890 807 1014 861 monialis
1028 807 1102 862 IIII.
1115 796 1188 863 acras

181 886 251 938 terre
263 904 328 956 quae
340 887 387 941 ilia
399 892 472 943 tenet
483 890 533 946 aab
547 890 666 944 Rcdulio
679 892 778 946 tamcn¹
792 898 854 946 ante
872 897 900 947 et
917 899 1057 965 postquam
1071 914 1099 950 se
1112 896 1188 950 soris·

179 970 272 1027 fecisse
288 977 316 1026 ct
335 975 373 1027 ita
393 979 508 1029 testatur
528 977 657 1042 hundred,
675 983 702 1033 et
723 978 782 1032 Ieac
800 987 906 1035 revecat
924 1001 955 1036 ex
974 982 1043 1036 dono
1061 983 1140 1054 regie,
1153 985 1187 1040 ad

181 1056 289 1113 feudum
302 1077 388 1114 suum.
427 1062 468 1116 lb.
481 1064 535 1116 264
547 1063 571 1117 b.

199 1325 237 1393 [Α
257 1327 337 1381 Facu
356 1326 474 1381 Worrrrr
494 1345 517 1380 v.
538 1327 662 1381 Arrana.
700 1326 800 1382 Pauor
819 1344 857 1382 au
869 1329 989 1383 Oanuru
1008 1330 1165 1400 urrunnu]

216 1430 250 1483 In
272 1430 453 1485 Brumbetuna
476 1433 549 1485 tenet
573 1429 701 1485 Aitardus
725 1431 757 1485 de
782 1431 886 1503 liugero
910 1433 988 1487 XVI.
1011 1451 1091 1497 acrae,
1116 1433 1186 1504 quod

179 1516 267 1570 tenuit
285 1516 368 1570 libera
386 1515 487 1571 femina
505 1516 731 1570 commendatione
750 1517 849 1581 Edrici‚
868 1524 895 1572 et
914 1520 946 1572 R.
972 1538 1057 1573 comes
1078 1519 1186 1574 tenebat

75 1603 77 1605 ’
179 1602 285 1672 quaudo
305 1603 441 1666 forisfecit,
463 1607 531 1658 teste
552 1603 680 1666 hundred,
702 1609 729 1657 et
748 1603 880 1658 Rcbertus
900 1604 1022 1660 Biuudur
1047 1612 1138 1677 postea
1157 1606 1185 1659 in

179 1707 262 1742 mauu
281 1689 359 1760 regis,
371 1694 399 1744 et
414 1689 492 1743 modo
513 1693 587 1743 tenet
605 1689 735 1743 Aitardus
754 1689 833 1743 horno
848 1690 945 1760 Regeri
958 1691 1041 1761 Biget
1053 1710 1184 1746 commen-

179 1775 285 1830 datione
297 1782 437 1847 postquam
451 1777 572 1846 Rogerus
590 1775 724 1830 forisfecit.
763 1777 808 1830 Ita
821 1776 941 1831 hundred
955 1797 1009 1832 esee
1022 1781 1145 1840 testatur,
1158 1782 1185 1831 et
1218 1775 1224 1785 '

180 1861 226 1915 illa
238 1860 337 1916 semina
349 1862 426 1917 offert
439 1861 573 1933 judicium
585 1862 655 1934 quod
673 1881 764 1916 verum
779 1868 820 1917 est
832 1867 899 1918 teste
912 1863 1041 1926 hundred,
1054 1869 1082 1919 et
1093 1864 1184 1918 Aitar·

179 1947 229 2002 duc
239 1949 401 2013 contradicit,
413 1957 441 2004 et
453 1949 502 2003 snb
511 1968 541 2004 ea
553 1954 618 2002 sunt
631 1949 670 2002 II.
682 1949 782 2019 integri
795 1948 870 2003 liberi
885 1950 1013 2005 hominen.
1043 1951 1084 2004 lb.
1098 1950 1150 2007 277
1159 1950 1183 2005 b.

198 2224 315 2293 [Reduc
334 2227 426 2282 B1ucn
444 2242 505 2281 nnn
524 2226 646 2281 Gouarc.
684 2225 783 2279 Paeon
802 2240 840 2278 ar
858 2225 978 2280 Ounuau
997 2240 1034 2278 oa
1053 2224 1166 2279 Brunca

604 2312 761 2380 curtahen]

224 2417 258 2471 In
279 2416 400 2471 Bicherle
422 2416 624 2471 1.1iterh0m0
645 2415 741 2469 Analec
760 2415 968 2478 commendatur,
987 2432 1048 2468 cum
1073 2414 1182 2468 dimidio

177 2504 261 2559 libero
273 2516 391 2575 tempore
403 2503 474 2574 regie
493 2502 625 2565 Edwardi,
638 2502 670 2557 de
683 2501 776 2555 XVII.
790 2502 865 2555 acris.
886 2542 892 2554 .
912 2542 918 2554 .
939 2542 946 2556 .
966 2501 1055 2554 Ietunr
1068 2501 1184 2555 servavit

178 2592 299 2661 Rogerue
312 2591 394 2662 Bigot
413 2592 441 2643 in
460 2609 541 2644 manu
559 2593 629 2660 regie
642 2591 711 2644 sicut
723 2588 790 2643 dicit
802 2594 829 2643 et
848 2589 935 2642 reddit
953 2607 1059 2642 censum
1073 2588 1101 2641 in
1115 2589 1183 2641 hun-

177 2677 249 2741 dred,
262 2677 308 2732 scd
320 2677 440 2731 hundred
460 2681 583 2739 testatur,
597 2675 665 2745 quod
685 2676 812 2730 chricue
825 2674 928 2745 dapifer
946 2674 1034 2729 tenuit
1046 2674 1095 2728 cub
1113 2693 1182 2746 rege,

177 2765 211 2818 ad
231 2764 339 2819 seudum
362 2762 468 2817 Radulfi
490 2763 595 2815 comitis
615 2767 759 2831 antequam
781 2760 907 2814 forisfecit
927 2761 950 2814 I.
973 2778 1050 2822 anno,
1072 2764 1099 2813 et
1123 2765 1182 2829 poet

177 2869 224 2922 per
235 2851 276 2905 II.
290 2869 373 2904 anuos
387 2869 418 2903 ex
430 2849 499 2903 douo
518 2849 596 2918 regis,
610 2852 637 2901 ct
655 2852 754 2911 centra,
767 2845 845 2899 homo
865 2845 963 2915 Regeri
983 2845 1064 2914 Bigot
1075 2850 1180 2898 centra-

176 2939 242 2993 dicit
250 2937 352 3008 juditio
365 2936 408 2990 vel
421 2934 497 2990 bello.
536 2935 579 2988 Ib.

194 3150 272 3219 [Tun
292 3150 374 3204 Krae
392 3167 416 3203 v.
436 3148 609 3202 Buucuaun.
648 3144 747 3197 Puoon
766 3157 902 3196 urrunnu
920 3147 1024 3195 “oum
1043 3141 1166 3211 nono.'’]

210 3254 248 3310 Et
268 3254 389 3308 hundred
408 3256 524 3307 testatur
543 3249 613 3322 quod
633 3267 693 3304 vere
712 3265 757 3301 rex
777 3252 804 3301 et
823 3264 910 3300 comer
930 3244 1027 3299 habuit
1045 3264 1132 3300 socam
1152 3252 1179 3301 et

173 3361 259 3398 sacam
273 3342 313 3412 [in
326 3340 470 3409 Melnessa]
483 3344 600 3408 ternpore
613 3337 683 3405 regis
696 3333 820 3388 Edwardi
833 3334 879 3388 eed
891 3333 1012 3387 homines
1031 3332 1103 3387 illiue
1116 3334 1179 3388 ville

175 3435 309 3485 testantur
320 3427 390 3500 qued
402 3426 573 3482 Burchardue
592 3423 716 3478 similiter
733 3420 829 3476 habuit
847 3440 932 3475 eccam
946 3421 978 3475 de
991 3420 1081 3475 liberie
1093 3421 1177 3476 horni-

174 3517 252 3572 nibus
264 3517 343 3571 sicuti
355 3517 387 3572 de
399 3515 455 3570 auis
468 3512 582 3575 villanis,
595 3514 622 3566 et
640 3529 693 3564 non
713 3507 793 3563 habet
811 3508 912 3579 aliquid
924 3509 1106 3563 testimouium
1118 3511 1179 3579 poet

172 3624 208 3668 ae,
221 3608 349 3658 ettamen
362 3603 457 3657 volunt
469 3601 578 3672 prebere
591 3599 664 3653 omui
677 3597 764 3651 modo.
801 3596 842 3650 Ib.
855 3598 907 3649 285
921 3596 946 3650 b.

20 3946 22 3948 ,
171 3883 299 3951 [Annum
318 3901 342 3936 v.
362 3882 465 3936 Reduc
484 3882 587 3936 Breor.
625 3881 690 3934 Tun
704 3878 787 3932 Kmu
801 3892 943 3931 vcrrcuuu
955 3891 990 3929 ro
1006 3874 1175 3942 waeran]

206 3986 243 4040 Et
252 3985 358 4058 quaudo
371 3984 503 4039 Rohertus
517 3984 602 4038 Melet
620 3983 715 4037 habuit
725 3980 894 4050 [Scotelciarn
907 3985 934 4033 et
946 3977 1073 4047 Bercoit]‚
1087 3977 1175 4031 redde·

170 4072 216 4128 bat
228 4078 315 4128 toturn
327 4072 408 4126 simul
420 4071 478 4126 LX.
492 4071 572 4125 libras
585 4069 618 4124 ad
630 4087 750 4140 peneum,
760 4073 787 4121 et
800 4067 881 4120 VIII.
894 4064 975 4119 librae
987 4064 1021 4117 ad
1034 4082 1175 4117 numerum

628 4246 636 4276 ¹
650 4251 715 4303 tarn

1026 4350 1048 4392 x
