3000 4972
685 535 792 579 ianuar
818 536 839 579 1.
1191 515 1250 578 103

249 686 419 751 transitum
449 686 557 751 fecerit
592 710 647 771 per
675 710 788 770 aquam
819 687 963 750 Tamisiae
998 709 1093 770 prope
1129 686 1249 750 curiam

250 797 546 876 Abbendonensem,
561 821 669 862 versus
684 797 853 861 australem
868 797 987 861 scilicet
1009 805 1130 881 partem
1146 796 1249 860 difflu-

247 914 366 987 entem,
386 907 543 972 cellerario
566 915 696 971 centum
719 907 827 971 allecia
842 908 928 971 omni
943 930 1026 971 anno
1043 930 1128 972 more
1142 906 1249 972 debito

247 1019 429 1097 reddantur,
440 1024 497 1083 aut
512 1042 567 1103 pro
583 1020 628 1084 eis
644 1019 996 1104 condignumpretium,
1009 1020 1055 1084 ita
1065 1027 1103 1084 ut
1117 1020 1248 1084 navium

247 1130 384 1212 remiges
413 1152 477 1194 non
506 1130 696 1213 interrogati
722 1113 830 1195 eadem
860 1130 1018 1194 cellerario
1047 1129 1199 1209 deferant,
1230 1151 1249 1193 a

247 1246 388 1325 tempore
403 1241 551 1306 videlicet
573 1242 806 1305 Purificationis
831 1243 954 1305 Sanctae
971 1241 1081 1304 Mariae
1096 1262 1194 1324 usque
1210 1239 1250 1303 ad

247 1351 379 1416 Pascha.
426 1352 519 1417 Quod
540 1352 566 1415 si
581 1375 688 1416 eorum
705 1352 818 1435 aliquis
829 1353 910 1415 hanc
925 1351 1182 1415 consuetudinem
1197 1350 1249 1413 de·

246 1462 381 1527 tinuisse
396 1462 545 1527 inventus
560 1463 666 1541 fuerit,
681 1463 864 1546 hujusmodi
880 1485 993 1526 navem
1008 1461 1194 1540 cellerarius,
1209 1484 1249 1525 ne

248 1594 304 1657 per
330 1596 446 1657 aquarn
475 1580 615 1638 transeat
634 1574 780 1652 ccclesiae,
805 1574 875 1657 jure
905 1572 1036 1650 detinet,
1062 1571 1159 1636 donec
1189 1572 1249 1636 sibi

247 1692 368 1748 rectum
385 1684 491 1748 faciat.

293 1795 387 1858 Hanc
409 1794 543 1858 ecclesia
565 1793 834 1870 consuetudinem,
852 1800 990 1877 tempore
1006 1793 1114 1856 domni
1138 1793 1249 1856 Faritii

245 1906 380 1984 abbatie,
404 1911 509 1969 nautae
534 1904 689 1988 praedicta
718 1904 856 1968 civitatis
883 1905 986 1968 moliti
1016 1917 1092 1968 sunt
1115 1903 1249 1969 ecclesiae

246 2017 387 2101 abripere
393 2043 401 2095 ;
426 2017 480 2080 sed
498 2017 563 2080 cito
578 2038 629 2080 eos
644 2016 683 2079 ab
698 2016 757 2079 hac
772 2017 949 2080 temeritate
964 2015 1249 2080 disratiocinatione

245 2130 334 2214 justa
351 2130 434 2193 idern
458 2130 556 2193 abbas
582 2128 738 2212 repressit,
754 2129 800 2191 ita
825 2134 862 2192 ut
884 2128 992 2191 eadem
1016 2127 1084 2210 regi
1109 2127 1249 2191 Hearico

245 2241 408 2324 allegaret,
430 2247 463 2304 et
478 2263 531 2303 rex
546 2262 601 2322 per
624 2262 680 2302 sua
701 2238 808 2302 brevia
828 2239 1013 2322 justiciariis
1035 2238 1099 2302 suis
1119 2245 1152 2303 et
1166 2239 1249 2303 vice·

245 2350 414 2414 comitibus
431 2348 628 2414 Berchescirc
644 2357 677 2413 et
693 2349 950 2413 Oxenefordscire
965 2349 1156 2433 praeciperet,
1172 2372 1248 2433 qna·

245 2466 338 2525 tenus
360 2466 477 2523 rectam
501 2459 661 2543 justitiam
685 2459 757 2523 inde
779 2460 926 2537 facerent,
948 2481 988 2523 ne
1009 2459 1138 2523 ecclesia
1166 2460 1250 2524 ultra

245 2570 428 2655 hujusmodi
461 2570 688 2635 consuetudine
721 2593 777 2634 sua
806 2577 934 2634 careret.
983 2570 1106 2654 Itaque,
1138 2571 1245 2635 eodem

244 2704 318 2765 rege
333 2687 497 2765 regnante,
513 2704 596 2744 anno
612 2681 737 2764 imperii
751 2682 802 2744 sni
817 2680 879 2745 XI.
893 2687 925 2744 et
941 2681 1062 2744 Thomu
1077 2680 1114 2744 de
1131 2683 1248 2745 Sancto

244 2792 392 2857 Johanne
428 2815 464 2856 ac
503 2792 639 2856 Ricardo
676 2791 715 2856 de
738 2792 852 2855 Monte
885 2790 1142 2855 Oxenesordscirc
1165 2791 1247 2856 vice·

243 2903 413 2967 comitibus
423 2903 617 2980 constitutis,
628 2902 714 2985 apud
723 2901 854 2965 eandem
866 2901 1063 2965 Oxeneforde
1075 2901 1247 2982 civitatem,

243 3014 277 3076 in
293 3013 385 3077 domo
395 3013 558 3097 Hardingi
573 3012 758 3097 presbyteri,
771 3012 879 3076 dehac
895 3035 927 3076 re
939 3012 1090 3094 placitum
1102 3012 1248 3077 habitum

243 3131 302 3201 est,
318 3131 350 3188 et
373 3123 529 3210 majorum
555 3122 697 3209 ejusdem
721 3123 781 3186 loci
808 3122 970 3187 communi
992 3123 1172 3206 judicatum
1198 3130 1247 3188 est

243 3235 367 3299 decreto
382 3234 669 3298 Abbendunensem
696 3234 856 3298 ecclesiam
878 3235 1000 3318 justam
1025 3256 1090 3297 rem
1112 3235 1248 3319 exigere,

242 3350 277 3409 et
299 3368 367 3410 eam
399 3368 418 3408 a
450 3345 592 3410 civitatis
626 3345 727 3408 totius
761 3344 890 3429 navigio
921 3344 1032 3409 debere
1054 3347 1141 3410 omni
1163 3369 1247 3411 anno

243 3456 439 3539 persolvere.¹

260 3618 310 3684 [In
321 3621 365 3670 the
376 3621 510 3683 following
520 3635 583 3684 year
593 3621 667 3670 there
679 3636 733 3670 was
744 3636 761 3670 a
771 3621 822 3670 like
834 3636 901 3679 ease,
912 3622 1004 3671 witha
1015 3623 1113 3672 similar
1124 3622 1228 3688 result]

289 3737 439 3821 Sequenti
463 3759 585 3820 quoqne
609 3736 762 3819 posthoc
787 3758 869 3799 anno
892 3735 1046 3800 Radulfus
1069 3736 1246 3802 cellerarius

243 3846 393 3930 ejusdem,
431 3846 615 3910 coadunatis
651 3845 848 3909 Oxencforde
885 3847 1084 3929 primoribus,
1117 3854 1246 3931 questus

242 3964 291 4021 est
321 3958 403 4042 quod
433 3958 470 4021 de
501 3956 689 4040 quibusdam
725 3979 833 4020 eorum
871 3957 976 4020 nautis
1013 3958 1145 4021 necdum
1178 3959 1245 4041 jam

241 4068 400 4133 decretam
415 4067 674 4133 consuetudinem
690 4066 861 4131 habuisset.
908 4067 1033 4131 Quibus
1048 4067 1130 4132 illico
1146 4090 1245 4132 accer-

685 4255 692 4287 ¹
710 4256 846 4318 persolvi?
