3000 4972
666 544 837 592 arvernam.
1186 527 1248 590 295

567 699 680 769 [aanor
698 714 735 753 or
754 699 796 754 Sr.
817 699 936 768 Parsa]

283 805 324 860 De
349 806 400 861 isto
430 807 547 863 manerio
572 809 715 879 [Aaltene]
741 811 856 863 testatur
879 807 1023 862 comitatus
1046 807 1116 878 quod
1147 804 1248 876 injuste

247 896 348 968 aceepit
362 895 456 965 [abbas
469 896 560 951 Saneti
571 895 658 966 Petri]
669 915 716 967 pre
728 896 863 951 excambio
875 895 970 950 demus
982 895 1063 967 regis,
1078 893 1142 966 quia
1154 893 1249 948 domus

247 985 395 1056 eratregis.
433 984 474 1039 Ib.
487 986 530 1038 43.

542 1149 665 1218 [Morene
684 1166 720 1204 or
741 1151 964 1220 Wrncrrrrsrrra]

284 1273 342 1328 Hoc
373 1274 522 1328 manerium
554 1272 717 1345 [Helingey]
739 1275 958 1346 calumpnientur
978 1274 1100 1328 monaehi
1124 1275 1156 1328 de
1180 1273 1248 1343 epis-

246 1367 341 1431 copatu
361 1361 553 1424 wintoniensi,
575 1380 605 1415 eo
626 1363 696 1432 quod
718 1363 806 1416 Imma
828 1362 939 1433 regina¹
959 1362 1033 1439 dedit
1046 1362 1112 1416 illud
1125 1361 1249 1416 aecclesias

247 1448 337 1502 Sancti
351 1449 424 1503 Petri
437 1453 464 1503 et
477 1449 568 1504 Sancti
589 1449 745 1514 Suuithnni,
761 1455 788 1505 et
807 1454 872 1504 tune
892 1449 924 1504 de
944 1450 1085 1505 medietate
1105 1449 1248 1504 monaches

244 1535 354 1589 saisivit.
392 1535 482 1589 Aliam
495 1554 557 1590 vero
570 1536 740 1591 medietatem
753 1536 893 1591 Ulnunrdo
905 1537 934 1590 in
947 1536 1005 1591 vita
1017 1556 1066 1591 ana
1084 1541 1190 1592 tantum
1209 1537 1249 1591 ita

246 1622 358 1686 dimisit,
378 1623 505 1693 quatinus
523 1627 584 1694 pest
604 1624 707 1678 obitum
723 1642 802 1678 sunm
815 1624 871 1694 ipse
883 1624 1048 1695 sepeliendus
1061 1630 1089 1681 et
1100 1625 1249 1680 manerium

246 1708 344 1763 rediret
362 1710 396 1764 ad
416 1711 613 1767 monasterium.
651 1712 740 1781 Atque
758 1711 797 1764 ita
816 1711 940 1766 Uluuard
952 1711 984 1766 de
996 1710 1132 1766 monachis
1145 1716 1247 1782 partem

246 1796 357 1849 manerii
376 1798 475 1859 tenuit,
494 1796 575 1852 donec
594 1803 718 1853 mortuns
736 1797 792 1852 fuit
803 1802 920 1869 tempore
933 1799 1003 1869 regis
1016 1798 1152 1854 Willehni.
1189 1799 1249 1854 Her

245 1883 283 1937 sie
296 1887 442 1938 attestatur
454 1883 511 1938 Elui
524 1883 605 1939 abbas
617 1885 650 1938 de
664 1885 789 1956 Ramesy,
801 1889 829 1940 et
841 1888 928 1939 tetum
941 1885 1065 1942 hundret.
1104 1886 1144 1941 lb.
1157 1887 1192 1940 43
1205 1886 1230 1941 b.

414 2100 523 2170 [Huea
541 2121 566 2156 u.
586 2101 728 2166 Tunerru,
748 2118 809 2157 rna
828 2103 1072 2174 caruerimus]

280 2223 323 2278 Ad
342 2241 408 2294 opus
431 2222 513 2294 hujus
537 2223 648 2278 manerii
673 2223 837 2294 [Helstune]
863 2223 1060 2297 calumpniatur
1084 2226 1141 2297 ipse
1165 2227 1248 2299 Hugo

243 2310 301 2366 111.
315 2329 443 2373 masuras,
452 2315 481 2364 et
492 2310 621 2381 angulum
630 2311 702 2382 prati
714 2315 742 2366 et
755 2330 837 2366 uuam
850 2312 984 2384 virgatam
997 2319 1024 2369 et
1035 2314 1069 2368 V.
1082 2333 1156 2369 aeras
1169 2318 1247 2370 terrae

244 2416 323 2467 super
344 2397 501 2452 Tumtinum
522 2398 701 2452 camerarium.
751 2400 792 2454 De
814 2400 863 2454 hoc
884 2400 937 2455 fert
956 2401 1141 2456 testimenium
1161 2405 1249 2457 tetum

245 2484 375 2547 hundred,
395 2484 463 2554 quod
486 2489 663 2539 antecessores
681 2486 740 2557 ejus
759 2486 823 2541 inde
842 2487 928 2542 saisiti
947 2493 1023 2543 amnt
1035 2493 1062 2544 et
1074 2473 1195 2544 tenentes
1207 2488 1250 2544 die

246 2589 298 2641 quo
311 2590 356 2625 rex
369 2571 517 2626 Edwardus
529 2570 585 2626 fnit
597 2572 675 2626 vivus
688 2577 716 2627 et
728 2582 858 2628 mortuus.
894 2573 935 2631 Ib.
950 2577 994 2630 45.

328 2800 451 2870 [Menas
471 2817 508 2855 or
526 2800 728 2856 Wrncrrsaraa
748 2822 771 2855 v.
792 2803 896 2857 Rauen
917 2819 955 2857 na
975 2803 1168 2874 Murmura]

280 2911 371 2966 Isdem
390 2910 525 2966 Radulfus
544 2911 590 2981 [de
603 2912 760 2982 Mortemer]
775 2916 849 2968 tenet
862 2913 889 2967 in
903 2913 1040 2968 Suentune
1053 2933 1133 2969 unam
1146 2913 1247 2972 hidam.

246 2997 372 3070 Oheping
391 2999 481 3053 tenuit
502 2999 534 3053 de
555 3000 674 3070 episcopo
694 3003 720 3054 et
739 3001 772 3054 de
790 3001 928 3055 monachis
949 3001 1207 3072 [wintoniensibus]
1220 3007 1247 3058 et

245 3105 347 3157 semper
371 3085 426 3140 fuit
449 3087 482 3140 de
506 3086 675 3150 monasterio,
694 3087 739 3141 sed
763 3106 885 3142 concessa
903 3093 944 3143 est
962 3088 1047 3143 eidem
1064 3089 1093 3143 in
1118 3089 1175 3143 vita
1199 3108 1248 3145 sua

244 3178 353 3228 tantum
374 3178 471 3237 tenere,
493 3177 520 3228 et
538 3176 599 3243 post
619 3177 731 3228 mortem
751 3174 809 3244 ejus
822 3175 856 3228 ad
868 3174 1011 3230 aecclesiam
1025 3175 1136 3231 debebat
1154 3176 1245 3233 redire.

245 3261 305 3316 Heu
323 3261 444 3315 monachi
463 3260 563 3325 dieunt,
582 3260 627 3315 sed
646 3261 768 3316 hundred
787 3261 825 3315 nil
837 3263 888 3317 seit
900 3263 931 3317 da
943 3264 1125 3328 (renuentium,
1137 3265 1183 3319 sed
1196 3264 1245 3321 hou

244 3349 294 3404 scit
314 3349 375 3420 quia
397 3349 429 3403 de
449 3347 608 3403 monasterio
626 3348 687 3412 fuit,
708 3353 734 3403 et
752 3348 814 3421 geid
834 3368 887 3405 nen
900 3349 973 3406 dedit
985 3370 1033 3407 neo
1044 3351 1121 3407 modo
1134 3351 1205 3417 facit,
1216 3358 1244 3409 et

243 3437 366 3492 nesciunt
378 3455 458 3508 qnare
471 3435 610 3491 remansit.
648 3435 691 3490 Ib.
706 3435 750 3492 47.

562 3639 689 3709 [Anares
708 3656 745 3694 or
764 3639 807 3695 Sr.
827 3641 939 3711 Mean]

279 3760 340 3814 Hoc
353 3759 500 3814 manerium
515 3758 830 3831 [Iceneiealumpniatur
842 3758 975 3815 abbatissa
988 3760 1090 3816 Sanctae
1103 3760 1206 3825 Mariae,
1219 3765 1248 3817 et

242 3851 331 3902 totum
343 3846 465 3901 hundred
478 3851 505 3901 et
517 3847 624 3918 insuper
636 3851 709 3901 tetus
718 3847 916 3901 vicecomItatns
929 3847 1113 3902 testimonium
1126 3848 1247 3918 perhibet

242 3934 312 4007 qnod
333 3934 361 3988 in
381 3933 488 3989 abbatia
507 3933 560 3988 snit
578 3937 696 4003 tempore
717 3933 788 4004 regis
809 3933 944 3998 Edwardi‚
966 3933 1084 4004 attegia
1103 3933 1248 3998 willelmi,

243 4026 270 4077 et
278 4021 354 4093 juste
367 4040 422 4076 esse
435 4019 521 4075 dehet.
557 4018 599 4073 1b.
612 4022 655 4073 48.

482 4227 490 4261 ¹
504 4230 613 4285 Mother
624 4227 656 4284 of
664 4227 778 4283 Edward
791 4229 837 4284 the
850 4229 998 4286 confessor.
