3000 4972
299 528 338 589 18
544 546 676 590 rnecrrr
698 546 1048 594 suono-ronusrurcr.

298 698 427 764 servitia
457 697 497 761 ad
528 721 606 781 opus
642 698 778 782 episcopi
816 699 1035 783 susceperant.¹
1086 700 1226 765 Tandem
1262 723 1303 766 ex

297 815 443 894 precepto
454 809 590 892 justitiae
605 811 701 892 regiS,
717 818 750 874 et
771 809 894 875 decreto
917 810 1081 891 baronum,
1097 811 1178 875 itum
1199 819 1247 876 est
1263 814 1302 876 od

295 920 468 1007 juditium:
492 926 524 983 et
539 920 613 1005 quia
624 920 720 984 abbas
731 921 825 998 dixit,
839 944 871 985 se
882 927 979 985 testes
994 930 1106 986 contra
1120 923 1302 1006 episcopum

299 1054 362 1095 non
374 1032 496 1109 habere,
503 1031 682 1115 judicatum
698 1037 747 1094 est
759 1030 798 1093 ab
814 1031 1032 1115 optimatibus,
1043 1034 1126 1116 quod
1138 1033 1301 1116 episeopus

298 1147 396 1207 testes
411 1164 484 1206 suos
499 1139 686 1218 nominaret,
704 1144 738 1204 ct
752 1139 802 1203 dic
818 1141 990 1206 constituta
1005 1143 1184 1222 adduceret,
1200 1150 1233 1207 et
1247 1166 1303 1226 per

247 1308 265 1335 ⁸
298 1258 531 1318 sacramentnm
555 1250 640 1314 dieta
662 1250 799 1334 episcopi
823 1252 1004 1334 probarent,
1031 1260 1063 1318 et
1087 1255 1183 1318 abbas
1209 1278 1302 1340 quas-

297 1388 422 1452 cunque
431 1363 526 1429 vellet
538 1362 684 1447 reliquias
693 1362 827 1427 afferret.
854 1364 1045 1428 Concessum
1058 1372 1106 1430 est
1117 1366 1156 1430 ab
1169 1374 1302 1451 utraque

298 1485 397 1563 parte.
435 1474 536 1540 Venit
551 1473 617 1538 dies
631 1478 763 1537 statuta.
802 1473 903 1537 Venit
916 1475 1080 1559 episcopus
1090 1477 1143 1541 W.
1160 1483 1193 1540 et
1208 1477 1303 1541 abbus

298 1589 469 1665 Wolterus,
485 1593 519 1651 ct
543 1609 583 1650 ex
612 1592 757 1669 precepto
783 1584 923 1649 Gosfricli
954 1586 1091 1672 episcopi
1103 1615 1111 1666 ;
1144 1590 1304 1653 affuerunt

298 1699 430 1764 barones
442 1698 496 1782 qni
511 1696 720 1760 interfuerunt
734 1695 830 1779 priori
847 1696 964 1780 placito
980 1703 1013 1761 et
1019 1697 1147 1781 juditio.
1179 1699 1304 1763 Attulit

301 1810 397 1874 obbas
420 1806 590 1892 relliquias,
613 1806 731 1869 scilicet
755 1827 866 1890 corpus
899 1806 1009 1871 Sancti
1034 1808 1205 1891 Eeguuini.
1251 1809 1303 1873 lbi

300 1920 459 1983 affuerunt
482 1940 521 1980 ex
543 1924 632 2000 purte
657 1915 793 1999 episcopi
817 1916 992 1998 probabiles
1014 1940 1164 2001 perseum,
1187 1926 1302 2002 parutae

300 2028 401 2092 facere
422 2026 600 2111 predictum
623 2032 864 2102 sacramentum,
884 2047 1018 2109 quarum
1035 2050 1117 2091 unus
1133 2029 1195 2093 fuit
1210 2031 1301 2093 Edri-

300 2160 367 2215 cus,
383 2136 437 2221 qni
463 2135 533 2211 fuit,
550 2142 690 2217 tempore
708 2133 792 2217 regis
816 2134 975 2212 Edwardi,
994 2141 1192 2201 stermaunus
1214 2140 1304 2202 navis

300 2246 448 2331 episcopi,
464 2252 497 2309 et
518 2243 630 2307 ductor
651 2243 805 2307 exercitus
827 2244 968 2326 ejusdem
991 2246 1130 2329 episcopi
1152 2248 1191 2312 ad
1207 2251 1303 2313 servi·

300 2358 382 2421 tium
409 2355 509 2438 regis,
532 2361 565 2418 et
589 2352 640 2417 hic
665 2359 734 2416 erat
761 2353 854 2417 homo
879 2353 1033 2419 Rodberti
1063 2357 1303 2423 Herefordensis

302 2466 449 2554 episcopi,
464 2489 500 2530 ea
526 2464 575 2529 die
597 2487 661 2548 qus
685 2469 914 2528 sacramentnm
939 2466 1067 2549 optulit,
1088 2473 1122 2531 ct
1145 2467 1242 2532 nichil
1266 2470 1305 2534 de

302 2580 445 2665 episcopo
475 2578 529 2641 W.
553 2575 692 2640 tenebat.
736 2576 842 2640 Affuit
871 2577 968 2640 etiam
1001 2578 1221 2661 Kinewardus,
1247 2583 1301 2666 qui

303 2691 366 2756 fuit
394 2689 564 2755 vicecomes
595 2686 872 2766 Wirecestrescire,
899 2688 953 2774 qui
979 2689 1038 2753 hoc
1065 2690 1158 2769 vidit,
1184 2699 1217 2757 et
1246 2694 1305 2758 lroc

303 2801 491 2868 testabatur.
535 2797 745 2862 Affuitetiam
763 2797 1124 2866 Siwardusdiveshomo
1141 2802 1178 2866 dc
1192 2804 1304 2888 Scrop·

304 2936 403 2999 scyre,
427 2917 460 2976 et
486 2908 648 2975 Osbernus
674 2908 758 2972 filius
786 2909 925 2987 Ricardi,
947 2915 979 2975 et
994 2911 1122 2976 'Purcbil
1144 2913 1182 2978 de
1195 2916 1305 2981 Ware-

304 3026 462 3108 wicscyre,
482 3021 623 3086 etmulti
643 3020 698 3083 ulii
714 3020 849 3085 seniores
869 3028 902 3086 et
917 3023 1046 3100 nobiles,
1059 3048 1192 3106 quorum
1209 3029 1307 3110 major

306 3158 379 3220 pars
400 3134 468 3215 jam
495 3131 669 3194 dormiunt.
725 3131 826 3194 Multi
856 3137 965 3195 autern
995 3132 1097 3198 adhuc
1124 3137 1307 3218 superstites

306 3250 392 3322 sunt,
402 3243 457 3327 qui
473 3241 542 3306 illos
558 3241 734 3319 audierunt,
744 3247 776 3304 et
791 3241 892 3305 adbuc
906 3241 999 3306 multi
1015 3241 1052 3305 dc
1068 3251 1207 3328 tempore
1222 3248 1307 3330 regis

306 3352 462 3418 Willclmi
477 3351 559 3415 idem
575 3349 790 3415 testificantes.
835 3352 945 3413 Abbas
959 3357 1066 3416 autem
1080 3353 1189 3418 videns
1204 3379 1305 3419 sacra-

308 3470 451 3529 mentum
475 3467 507 3525 et
536 3460 753 3544 probationem
777 3466 878 3524 totam
902 3468 1045 3545 paratum
1070 3486 1145 3542 csse,
1169 3470 1202 3529 ct
1220 3468 1307 3531 nullo

308 3574 400 3638 modo
430 3595 585 3638 remanere
612 3572 638 3636 si
676 3570 771 3636 vellet
800 3570 944 3655 recipere,
969 3579 1096 3656 accepto
1127 3575 1166 3639 ab
1197 3578 1307 3643 amicis

307 3683 448 3762 consilio,
463 3684 605 3767 episeopo
620 3682 748 3747 demisit
763 3690 1004 3762 sacromentum,
1020 3690 1054 3748 et
1074 3690 1173 3750 totam
1198 3711 1306 3773 querc·

304 3795 372 3858 lam
388 3792 583 3876 recognovit,
600 3797 632 3856 et
653 3814 778 3857 omnem
795 3815 859 3856 rem
883 3792 966 3856 sieut
981 3793 1143 3879 episcopus
1158 3799 1308 3864 reclama·

342 4001 350 4034 ¹
369 4003 423 4049 Tho
434 4001 520 4063 king's
532 4003 591 4049 writ
604 4001 719 4049 directed
731 4002 790 4049 that
808 4002 853 4050 tho
873 4017 932 4050 cuso
952 4003 1046 4051 should
1066 4005 1097 4054 be
1116 4006 1224 4057 decided
1240 4026 1308 4072 upon

309 4084 355 4132 the
366 4083 452 4147 rights
465 4084 494 4130 of
502 4082 547 4130 the
559 4084 657 4145 parties
668 4084 735 4131 siout
747 4088 823 4131 erant
834 4083 883 4139 die,
893 4099 944 4146 qun
955 4086 1102 4147 novissime,
1112 4094 1229 4152 temporo
1240 4095 1310 4156 rogis

309 4165 449 4224 Edunurdi,
461 4164 566 4227 geldum
576 4168 712 4226 occeptum
724 4164 775 4212 fuit
786 4164 820 4212 od
829 4166 962 4225 navigium
975 4165 1131 4219 laciendum.
1157 4174 1170 4219 1
1184 4173 1309 4222 Monosti-

308 4246 487 4309 oon,601(od.
503 4245 585 4308 1816).
622 4247 669 4293 See
683 4246 828 4308 Appendix.
