3000 4972
363 526 424 588 118
607 545 742 590 rnacrra
764 544 1114 592 ancre-nosnanurcA.

359 695 560 783 Tynemutha
596 695 842 781 proclamatione
879 697 913 761 in
949 697 1087 782 capitulo
1126 695 1236 763 Sancti
1274 695 1361 761 Petri

358 809 492 874 Eboraci
506 808 710 894 praesentibus
725 807 879 894 episeopis
890 808 1039 874 'l'urstino
1052 807 1212 892 predicto,
1223 807 1360 872 Ranulso

358 918 566 984 Dunelmensi
589 924 623 983 et
647 919 753 984 Homo
778 918 889 983 Sancti
913 918 1046 984 Ebroini
1080 917 1211 1004 aliisque
1239 918 1362 997 multis,

356 1030 439 1096 hane
472 1031 521 1095 sui
552 1030 634 1116 juris
665 1030 760 1094 fuisse
792 1029 955 1115 conquesti
987 1036 1062 1094 sunt
1092 1050 1132 1093 ex
1165 1027 1361 1094 concessione

358 1140 529 1205 Waltheofi
563 1139 697 1219 comitis,
721 1139 846 1226 quando
869 1140 1092 1205 consobrinum
1113 1162 1219 1218 suum,
1241 1137 1360 1202 scilicet

356 1258 531 1318 matertera
553 1276 616 1318 suae
637 1252 751 1334 filium,
767 1252 955 1317 Markarum
977 1273 1110 1336 puerum
1132 1250 1300 1336 parvulum
1313 1249 1359 1314 eis

355 1363 559 1429 nutriendum
571 1366 639 1429 Deo
654 1365 688 1429 in
701 1363 868 1449 Gyrwensi
878 1360 1280 1428 monasteriocontradedit.
1299 1410 1306 1427 .
1324 1408 1332 1426 .
1350 1410 1357 1427 .

356 1474 517 1540 Postremo
539 1497 611 1540 cum
635 1474 767 1540 Alhrins
789 1475 939 1539 honorem
965 1473 1133 1538 comitatus
1162 1471 1357 1556 suscepisset,

354 1584 421 1669 ipse
450 1608 574 1671 quoque
599 1586 691 1652 nobis
720 1585 755 1650 in
784 1586 979 1651 Dunelmum
1010 1582 1184 1660 translatis,
1222 1583 1357 1647 eundem

353 1695 458 1761 locum
475 1697 617 1763 donavit.
664 1697 759 1762 Unde
774 1720 848 1762 mox
873 1719 912 1762 ex
937 1695 1068 1781 capituli
1082 1694 1183 1760 totius
1200 1692 1357 1758 sententia

352 1809 526 1872 monachus
550 1815 659 1873 noster
674 1807 855 1873 'lhrrchillus
870 1806 945 1871 illuc
960 1806 1114 1886 mittitur,
1136 1803 1191 1890 qui
1205 1808 1356 1869 renovato

352 1916 488 1982 ecelesia
511 1917 611 2002 ipsius
634 1917 784 1998 culmine,
799 1939 855 2002 per
880 1917 1021 1982 multum
1045 1922 1172 2000 tempus
1197 1914 1356 1979 habitavit

352 2027 480 2106 ibidem,
504 2028 602 2093 donee
626 2034 736 2113 postea
761 2050 780 2092 a
804 2027 965 2093 Rodberto
993 2025 1030 2091 de
1047 2025 1206 2090 Mulbreio
1229 2024 1354 2105 comite,

350 2142 477 2221 propter
512 2138 619 2202 odium
658 2137 738 2223 quod
777 2144 889 2204 contra
925 2137 1106 2222 episcopum
1143 2135 1353 2201 Willielmum

349 2247 514 2328 habuerat,
543 2271 598 2332 per
627 2247 792 2313 ministros
822 2249 921 2335 ipsius
949 2248 1075 2313 comitis
1113 2248 1288 2312 Gnmenrm
1321 2253 1354 2312 et

351 2357 547 2423 Rodbertum
577 2360 660 2424 'laea
689 2359 842 2425 violenter
877 2360 1094 2444 expelleretur.
1138 2359 1215 2424 Non
1251 2359 1353 2425 multo

349 2475 422 2554 post
448 2468 545 2536 abbas
570 2470 752 2535 monasterii
781 2470 889 2535 Sancti
903 2471 1022 2535 Albani
1039 2469 1157 2534 Paulus
1172 2469 1353 2554 predictam

349 2578 512 2644 ecclesiam
548 2604 567 2645 a
603 2582 719 2647 comite
757 2581 954 2668 impetravit,
984 2604 1081 2667 quam
1117 2581 1243 2646 visurus
1278 2605 1350 2646 cum

348 2690 487 2757 venisset
515 2692 704 2772 Eboracum,
735 2695 895 2776 Turgotus
932 2691 986 2776 qui
1023 2698 1101 2757 tunc
1128 2691 1351 2757 Dunelmensis

348 2802 484 2868 ecclesiae
512 2802 689 2887 prioratum
719 2803 861 2888 gerebat,
886 2803 991 2867 missis
1021 2802 1097 2867 illuc
1126 2802 1290 2867 monachis
1318 2810 1352 2868 et

349 2912 478 2992 clericis,
509 2913 543 2978 in
580 2915 747 2999 praesentia
783 2914 1009 3000 archiepiscopi
1046 2915 1174 2979 Thomae
1210 2914 1350 2994 senioris,

349 3023 583 3108 multarumque
606 3048 731 3110 magnae
757 3025 940 3090 reverentiae
964 3048 1178 3108 personarum,
1201 3026 1351 3090 canonica

347 3134 440 3198 illum
476 3135 665 3200 auctoritate
702 3135 874 3221 prohibuit,
899 3159 938 3201 ne
976 3135 1080 3201 locum
1098 3137 1179 3221 juris
1215 3136 1349 3202 eoelesiae

349 3244 572 3309 Dunelmensis
597 3244 656 3309 sibi
682 3253 856 3331 usurparet,
879 3254 912 3312 et
939 3247 983 3313 sic
1009 3271 1168 3313 sacrorum
1193 3270 1349 3313 canonum

348 3362 381 3419 et
404 3354 550 3420 fraternae
573 3356 715 3422 caritatis
731 3358 864 3423 violator
879 3359 1036 3424 existeret.
1081 3363 1127 3423 At
1148 3359 1201 3423 ille
1216 3359 1349 3442 indigna

347 3465 544 3550 respondens,
570 3466 648 3530 illud
670 3469 866 3551 prohibitum
889 3469 999 3534 nichili
1023 3469 1142 3554 pendit.
1190 3470 1252 3535 Sed
1275 3492 1347 3534 eum

346 3575 402 3640 illo
423 3577 626 3660 pervenisset,
643 3585 803 3664 correptus
830 3579 1029 3660 infirmitate,
1043 3581 1119 3644 dum
1144 3581 1270 3660 rediret,
1284 3603 1347 3646 non

345 3685 443 3770 longe
479 3687 519 3750 ab
555 3686 695 3751 Eboraco
728 3688 762 3751 in
794 3689 977 3754 Seterintun
1012 3690 1113 3755 vitam
1150 3691 1347 3756 terminavit.

346 3797 464 3862 Taliter
477 3796 638 3861 ecclesiam
653 3797 690 3862 de
705 3797 897 3864 'linemutha
911 3800 1083 3866 amisimus.

390 3907 469 3973 Haec
483 3908 677 3992 querimonia
692 3908 774 3973 facta
789 3910 922 3974 Eboraci
936 3910 1040 3975 media
1055 3912 1151 3978 ferme
1162 3913 1345 3996 Quadragc-

345 4018 436 4098 sima,
452 4019 621 4102 replicatur
635 4019 728 4103 paulo
751 4026 825 4103 post
849 4021 883 4084 in
906 4020 1079 4085 ebdomada
1101 4023 1246 4088 Paschali
1267 4024 1345 4089 feria

345 4131 405 4195 IV.
442 4130 514 4194 idus
550 4129 670 4215 Aprilis
707 4130 859 4196 Dunelmi
896 4154 1000 4196 coram
1039 4155 1156 4218 magno
1185 4141 1343 4200 conventu

344 4240 562 4326 principalium
588 4240 738 4321 virorum,
764 4242 817 4327 qui
843 4248 920 4307 tunc
950 4243 1029 4308 forte
1059 4251 1187 4330 propter
1215 4246 1345 4331 negotia
