3000 4972
250 533 312 594 286
497 550 630 595 rmcrrr
651 550 996 596 auom-uonuauurca

245 702 340 766 faeiat
351 701 416 765 fieri
428 700 575 767 visumde
584 715 669 767 terra
681 702 736 765 illa
746 703 829 767 unde
841 703 931 768 turbe
943 710 1100 788 asportate
1111 703 1257 783 fuerunt,

246 819 280 877 et
299 835 353 896 per
375 812 461 876 IIII.
477 813 595 878 milites
607 813 686 878 ferre
707 813 868 878 reeordum
889 813 975 877 illius
994 813 1081 878 visus
1099 813 1191 897 eujus
1210 813 1257 879 sit

249 928 332 986 terra
352 921 426 984 illa:
451 923 535 1006 apud
547 924 877 987 westmonasterium.

283 1051 309 1097 It
327 1049 348 1097 io
369 1050 471 1112 worthy
483 1050 513 1097 os
528 1050 613 1098 notioo
631 1052 690 1099 that
707 1051 753 1098 tho
771 1052 841 1115 right
854 1052 885 1102 os
891 1056 1016 1114 property
1028 1051 1051 1100 is
1068 1050 1128 1099 hera
1145 1051 1257 1099 ordered

249 1136 278 1177 to
289 1130 322 1176 he
334 1128 400 1176 tried
413 1129 439 1175 in
451 1143 484 1176 un
495 1129 581 1178 action
590 1130 620 1177 ot*
626 1134 748 1192 trespass.

431 1875 559 1959 [Amor
577 1893 616 1940 or
640 1877 690 1940 Sr.
711 1874 858 1940 Eouurm
876 1899 900 1940 u.
923 1874 1098 1959 Joamu.]¹

254 2022 425 2088 [Inquisition
437 2027 593 2089 concerning
609 2043 625 2075 a
644 2027 703 2088 ploa
718 2027 748 2075 of
756 2028 825 2086 land,
838 2026 946 2074 claimed
958 2027 992 2089 by
1004 2025 1049 2074 tha
1067 2023 1210 2074 defendant
1229 2035 1260 2070 us

319 2104 358 2151 his
370 2104 446 2151 srank
457 2108 597 2162 transmeat,
609 2104 661 2151 aud
673 2110 762 2152 return
774 2106 804 2152 os
811 2105 856 2152 tho
872 2104 1033 2165 rooognitors
1048 2103 1108 2150 that
1126 2101 1172 2151 the
1192 2100 1256 2148 land

318 2179 365 2228 has
376 2194 456 2227 never
466 2180 532 2227 boen
544 2186 664 2242 separate
671 2181 738 2229 from
750 2183 795 2228 tho
806 2180 904 2231 ohuroh
914 2181 944 2229 of
953 2181 992 2229 St.
1002 2180 1131 2235 Edmund‚
1139 2178 1189 2227 and
1199 2178 1259 2226 that

317 2257 340 2305 it
359 2271 427 2304 owos
439 2257 483 2304 the
503 2271 574 2305 sama
592 2260 691 2307 sarviae
709 2264 738 2307 to
758 2259 803 2307 tho
821 2258 918 2308 ohuroh
932 2273 961 2306 as
973 2258 1072 2307 oortmn
1089 2256 1166 2305 other
1182 2255 1259 2303 laudo

318 2335 419 2383 named.
452 2335 506 2382 Tho
526 2335 668 2383 defendant
686 2337 829 2399 thereupon
849 2336 1047 2399 aoknowlodgos
1068 2335 1113 2384 the
1139 2333 1257 2396 superior

318 2412 391 2474 right
403 2411 432 2459 of
441 2412 486 2460 tha
501 2411 622 2475 charon]

255 2535 379 2600 Posrra
395 2541 482 2599 mota
496 2542 545 2599 est
566 2536 775 2601 controversia
798 2535 882 2600 iuter
903 2535 1049 2600 abbatem
1072 2544 1105 2600 et
1126 2534 1261 2600 eundem

255 2647 430 2712 Jordanum
440 2646 477 2710 de
488 2654 570 2711 terra
583 2647 718 2710 Herardi
727 2647 760 2710 iu
771 2635 1119 2726 Herlava,utrumesset
1127 2645 1262 2710 liberum

255 2758 384 2822 feudum
396 2756 533 2836 ecclesie,
549 2779 589 2819 an
606 2779 679 2820 non.
725 2757 870 2842 Cumque
886 2756 960 2821 inde
975 2756 1170 2820 summonita
1180 2760 1263 2820 esset

254 2867 430 2950 reoognieio
442 2867 606 2932 duodecim
617 2865 756 2930 militum
767 2867 800 2929 in
816 2866 901 2929 ouria
917 2866 1000 2948 regis
1015 2866 1263 2944 facienda‚faota

254 2985 303 3043 est
314 2979 347 3041 in
359 2977 445 3040 ouria
455 2977 579 3041 abbatis
589 2977 673 3060 apud
690 2975 862 3041 Herlavam
872 3000 926 3059 per
941 2975 1099 3040 licentium
1114 2974 1263 3039 Rannulfi

256 3088 295 3153 de
327 3088 497 3166 Glanvilla,
528 3096 560 3151 et
586 3089 773 3171 juraverunt
802 3088 1012 3170 recognitores
1039 3110 1071 3151 se
1100 3110 1264 3173 nunquam

255 3197 381 3262 scivisse
391 3196 600 3262 illamterram
612 3198 706 3261 {hisso
718 3203 892 3281 separatam
900 3198 939 3260 ab
950 3196 1148 3275 ecolesia‚sed
1157 3203 1264 3261 tamen

256 3308 342 3372 illam
355 3315 468 3372 terram
480 3308 589 3373 dehere
601 3309 709 3373 abbati
719 3309 782 3373 tale
792 3308 957 3372 servicium
970 3309 1061 3392 quale
1075 3308 1167 3373 debet
1182 3317 1266 3372 terra

256 3418 432 3495 Eustachii,
448 3426 480 3481 et
495 3419 629 3501 quedam
646 3419 706 3483 alie
722 3427 802 3483 terre
825 3419 973 3482 laicorum
998 3419 1032 3482 in
1055 3418 1163 3483 eudem
1179 3419 1265 3484 villa.

257 3527 397 3592 Tandem
420 3528 571 3590 convenit
594 3527 751 3591 intereos
774 3529 838 3592 ita:
874 3529 1027 3613 magister
1049 3529 1208 3594 Jordanus
1232 3528 1266 3593 in

256 3639 350 3723 plena
367 3637 453 3701 ouria
469 3637 652 3720 recognovit
667 3637 753 3701 illam
771 3644 887 3703 terram
909 3663 975 3704 esse
990 3641 1104 3705 laicum
1125 3641 1267 3722 feudum,

257 3757 337 3814 etse
357 3747 453 3812 nichil
471 3747 543 3810 inde
560 3747 734 3824 vendicare,
751 3747 812 3810 nisi
836 3771 890 3832 per
905 3749 1043 3832 gratiam
1060 3751 1203 3829 abbatis3
1234 3758 1268 3816 et

257 3859 345 3924 illam
362 3867 478 3923 terram
502 3857 624 3921 tenebit
646 3857 793 3921 omnibus
816 3858 926 3923 diebus
942 3859 1008 3923 vite
1024 3884 1088 3937 suo,
1109 3861 1266 3925 reddendo

256 3972 329 4035 inde
356 3969 521 4034 annuatim
547 3968 656 4032 abbati
684 3969 764 4032 XII.
786 3968 929 4033 denarios
953 3992 1009 4051 pro
1036 3970 1184 4035 omnibus
1206 3994 1268 4035 ser·

259 4104 360 4146 vicus.

457 4253 464 4284 ¹
483 4258 578 4306 chron.
592 4257 647 4305 Joo.
661 4257 692 4306 da
705 4258 806 4306 Brnkel.
817 4257 849 4306 45
863 4256 985 4315 <eamden
999 4257 1075 4318 Suo).
