3000 4972
653 558 827 602 srruzs'nrx.
1185 539 1247 601 297

516 708 582 762 'l'nn
603 710 684 764 Krao
703 729 727 764 o.
747 710 858 764 Hnunr
877 725 915 765 na
935 710 981 780 R]

282 817 418 873 Henrious
447 818 480 872 de
511 818 631 872 Fereires
662 823 736 874 tenet
766 819 794 872 in
825 818 873 873 hoo
903 818 1023 872 manerio
1048 817 1193 887 [Sudtone]
1217 818 1249 873 de

245 904 378 961 dominica
390 910 460 959 terra
469 905 539 976 regis
552 905 635 959 CXX.
647 924 720 959 acras
733 910 818 969 terrae,
831 910 858 960 et
868 905 926 959 ΙΙΙ.
939 924 1012 959 aeras
1024 905 1104 976 prati,
1116 904 1175 959 ideo
1187 904 1250 976 quia

245 993 375 1048 Godrieua
395 998 545 1047 antecessor
565 1012 629 1046 suus
649 1012 709 1047 cum
723 994 865 1047 vicecomes
884 998 963 1056 esset,
976 994 1061 1047 aravit
1080 1011 1137 1046 eam
1151 997 1249 1047 terram

245 1099 305 1134 curu
326 1080 382 1134 suis
404 1080 528 1143 eumenis,
549 1079 595 1133 sed
616 1085 649 1134 ut
667 1080 732 1133 dicit
744 1080 863 1134 hundred
877 1079 910 1133 od
923 1079 1024 1133 curiam
1036 1078 1106 1149 regis
1119 1079 1251 1150 pertinere

242 1168 325 1239 juste.
362 1167 459 1222 Godrio
471 1167 611 1238 occupavit
624 1169 694 1222 enim
709 1167 816 1238 injuste.
856 1167 896 1221 Ib.
910 1167 944 1224 57
958 1166 982 1221 b.

615 1358 710 1426 [Sena
731 1357 878 1426 Pierias]

283 1468 418 1521 Henricus
440 1471 513 1521 tenet
537 1464 573 1519 ibi
596 1465 638 1531 [in
661 1466 777 1535 Henret]
791 1465 814 1519 I.
829 1465 919 1519 hidam
941 1484 1004 1535 quin
1024 1466 1111 1520 fuerat
1131 1465 1250 1520 infirma

245 1555 326 1625 regis.
362 1554 492 1609 Godricua
519 1552 614 1607 tenuit.
650 1553 774 1606 Alaricus
798 1552 831 1606 de
855 1552 987 1607 Teeeham
1011 1553 1077 1608 dicit
1101 1572 1129 1608 se
1153 1553 1250 1608 vidisse

246 1641 352 1696 brevem
375 1641 446 1712 regis
466 1640 536 1713 quod
558 1659 615 1695 eam
635 1640 738 1695 dederit
758 1640 864 1695 femina>
884 1640 991 1695 Godrici
1004 1640 1031 1694 in
1045 1639 1122 1705 dono,
1137 1640 1250 1711 eoquod

247 1728 382 1784 nutriebat
396 1748 474 1783 canos
487 1747 556 1782 suos.
593 1727 645 1782 Sed
658 1747 735 1782 nemo
747 1732 788 1783 est
800 1727 828 1782 in
841 1726 962 1783 hundred
975 1727 1022 1800 qui
1034 1727 1140 1783 brevem
1155 1727 1251 1783 viderit

246 1815 502 1888 proeterAlurieum.
540 1814 582 1869 Ib.

607 1995 737 2064 [B1snoe
754 1994 897 2066 Osnsnu]

282 2103 398 2158 Osberus
422 2104 560 2175 episeopus
588 2106 662 2157 tenet
686 2103 714 2157 in
740 2103 857 2158 dominio
881 2103 1041 2168 Bocheland,
1065 2104 1094 2158 in
1118 2104 1251 2160 Gamessel

246 2191 377 2260 hundred,
402 2191 435 2245 de
458 2191 611 2262 episcopatu
635 2210 683 2245 suo
708 2196 739 2245 ut
762 2191 835 2247 dicit.
882 2192 1008 2246 Uluricus
1036 2196 1153 2262 tempore
1180 2192 1251 2263 regia

247 2279 372 2333 Edwardi
386 2278 422 2332 ibi
435 2278 541 2332 mansit.
579 2278 659 2333 Unde
667 2278 803 2348 judicium
815 2297 868 2333 non
882 2279 1015 2344 dixerunt,
1027 2279 1073 2334 sed
1086 2284 1148 2335 aute
1160 2298 1251 2351 regem

247 2373 278 2421 ut
288 2365 392 2437 judicet
404 2365 571 2421 dimiserunt
610 2364 651 2420 lb.
664 2368 700 2420 58
712 2364 736 2419 b.

508 2583 586 2651 [Tun
606 2583 688 2637 Krso
709 2602 731 2636 υ.
752 2584 863 2638 Hanni
883 2600 920 2637 na
940 2584 985 2652 R]

285 2684 363 2739 Hanc
380 2688 481 2739 terram
500 2684 541 2753 [in
560 2684 691 2754 Spersolt]
709 2685 773 2740 dicit
786 2685 920 2741 Henricus
933 2685 978 2754 [de
992 2685 1036 2753 R]
1050 2685 1131 2738 fuisse
1144 2683 1251 2739 Godrioi

248 2772 420 2826 antecessoris
432 2771 483 2835 sui,
495 2774 541 2826 sed
553 2772 625 2825 siout
639 2771 759 2825 hundred
771 2775 887 2825 testatur
899 2771 1028 2825 Godrieus
1041 2788 1100 2824 eam
1112 2770 1252 2841 oocupavit

249 2878 328 2929 super
349 2858 513 2912 Willelmnm
534 2877 631 2928 regem,
651 2862 712 2927 post
731 2857 831 2912 bellum
850 2857 883 2912 de
903 2857 1060 2927 liastinges‚
1074 2875 1120 2911 neo
1133 2875 1251 2928 unquam

249 2945 340 3001 tenuit
352 2949 469 3017 tempore
483 2944 607 2999 Edwardi
621 2944 698 3015 regis.
736 2944 777 2998 Ib.
790 2946 826 2998 60
837 2943 863 2998 b.

327 3181 404 3252 [Tne
424 3182 508 3236 Krno
527 3200 551 3235 v.
570 3183 659 3237 Aaou.
697 3182 781 3237 Wnrr
799 3198 837 3238 oa
855 3183 971 3236 Iarvanr
990 3198 1026 3237 or
1045 3181 1169 3250 Sinniu]

286 3285 365 3338 Hono
385 3289 483 3338 terram
506 3284 547 3349 [in
565 3284 726 3354 Ardintone]
747 3289 821 3339 tenet
838 3285 921 3339 isdem
941 3286 1012 3338 Azor
1024 3283 1056 3338 de
1070 3283 1195 3345 Roberto‚
1207 3281 1254 3336 sed

250 3372 371 3426 homines
391 3372 424 3426 de
437 3372 557 3426 hundred
571 3371 748 3427 testificantur
761 3390 822 3426 eum
835 3373 868 3427 de
882 3391 943 3442 rege
955 3371 1049 3426 debere
1062 3376 1159 3435 tenere,
1172 3388 1253 3441 quam

249 3479 293 3513 rex
315 3459 465 3514 Willehuus
487 3459 557 3528 apud
578 3460 746 3514 windesores
764 3460 788 3514 ei
802 3460 927 3524 reddidit,
939 3465 967 3514 et
978 3461 1087 3514 brevem
1100 3477 1178 3512 auum
1191 3457 1254 3513 indo

250 3547 273 3600 ei
294 3547 374 3601 dedit.
414 3547 546 3602 Robertus
566 3565 628 3601 vero
648 3552 721 3601 tenet
743 3546 851 3617 injuste.
888 3547 975 3601 Nemo
994 3547 1065 3601 eninr
1078 3564 1170 3600 eorum
1184 3546 1254 3600 vidit

250 3634 357 3688 brevem
379 3634 450 3705 regis
471 3634 512 3688 vel
534 3654 565 3689 ex
587 3639 662 3706 porte
680 3635 737 3706 ejus
758 3634 892 3689 hominem
912 3635 958 3706 qui
978 3653 1040 3690 eum
1052 3634 1114 3689 inde
1126 3633 1254 3689 saisisaat.

251 3719 292 3772 Ib.
306 3721 350 3773 62.

419 3911 548 3980 [Bienor
565 3909 692 3966 Οειιιιιιι.
731 3910 831 3964 Paoor
850 3925 887 3963 ar
907 3909 1087 3977 cananeus]

288 4018 328 4071 De
348 4018 396 4071 hoc
418 4018 536 4072 manerio
558 4017 722 4087 [Critetone]
742 4017 860 4072 ostendit
872 4015 1008 4072 Osbernus
1020 4016 1157 4087 episeopus
1168 4020 1255 4070 οιιῒιιιι

251 4125 320 4169 suaa,
334 4125 392 4176 quan
405 4108 539 4160 testantur
550 4104 694 4160 aeoelesiam
705 4103 798 4159 Sancti
808 4103 881 4158 Petri
890 4102 951 4157 inde
960 4102 1043 4158 fuisse
1051 4102 1171 4157 saisitum
1182 4108 1256 4158 ante-

251 4212 332 4265 quam
356 4211 401 4248 rex
423 4191 570 4247 Edwardns
591 4195 723 4261 regnaret.
760 4191 874 4262 Insuper
893 4192 1012 4260 tempore
1035 4188 1107 4260 regia
1127 4188 1256 4245 Willelmi

252 4279 450 4335 diratiocinavit
463 4298 549 4334 wram
562 4277 709 4334 baronibus
722 4277 801 4348 regis,
814 4296 870 4333 esse
882 4293 966 4331 suam.
1003 4275 1046 4330 Ib.
1060 4277 1110 4332 101
1125 4276 1149 4331 b.
