3000 4972
619 571 728 616 aruns
750 571 788 616 11.
939 537 946 549 ’
1145 556 1205 619 181

207 716 304 783 fuisse
336 718 496 802 donatam,
531 745 550 786 a
586 743 660 805 rege
698 723 838 788 Henrioo
869 724 1005 807 juniore,
1041 725 1096 811 qui
1134 731 1207 810 post

210 830 407 914 Stephanum
437 832 592 916 regnavit,
622 832 715 897 breve
750 834 909 917 quoddam
938 835 1046 899 abbati
1077 835 1209 920 Ingulfo

207 941 333 1021 detulit,
359 965 485 1008 sensum
510 944 628 1007 habens
651 948 690 1007 ut
713 966 806 1028 super
828 945 886 1008 hac
909 944 1067 1010 calumnia
1086 950 1209 1010 rectum

215 1053 344 1137 [faceret
366 1055 426 1139 et¹]
453 1053 651 1119 abbatemet
674 1054 837 1119 mulierem
860 1057 1065 1122 examinaret.
1112 1058 1209 1125 Brevi

208 1168 316 1228 autern
339 1163 487 1248 perlecto,
510 1169 635 1230 astante
664 1166 804 1247 muliere,
831 1168 992 1232 communi
1017 1169 1209 1254 sapientium

209 1273 425 1358 plurimorum,
445 1276 499 1359 qui
522 1277 627 1341 vocati
648 1284 746 1353 erant,
770 1279 1025 1358 consideratione,
1047 1285 1207 1346 ostensum

208 1391 257 1450 est
272 1386 309 1451 de
332 1392 414 1451 terra
436 1387 567 1452 adeam
592 1387 638 1451 nil
659 1388 827 1473 pertinere.
871 1390 916 1453 Et
938 1388 1067 1456 muliere
1082 1390 1210 1476 quidem

209 1498 249 1561 ad
262 1497 389 1583 propria
403 1504 590 1577 revertente,
607 1522 701 1565 causa
714 1501 780 1565 hacc
795 1506 844 1565 est
859 1499 905 1564 ita
920 1500 1021 1567 finita.

254 2300 417 2391 [oasim
439 2302 587 2368 Passous
613 2304 856 2370 o.Bnn1sno1s.
910 2303 1169 2387 llos-llos?

212 2477 280 2543 [The
295 2477 367 2541 right
378 2476 540 2527 olBeliardis
551 2481 580 2526 to
590 2478 684 2527 hossas
695 2477 781 2527 which
792 2478 838 2528 shc
850 2477 976 2541 proposed
987 2482 1015 2526 to
1026 2477 1086 2540 gire
1093 2480 1122 2527 to
1130 2477 1212 2527 abbot

282 2556 396 2605 Riohard
406 2554 565 2606 established
575 2555 680 2619 against
691 2555 736 2604 the
746 2556 872 2618 plaintiffs
883 2555 971 2619 bytho
981 2555 1044 2605 wisa
1054 2553 1136 2619 men]

212 2709 351 2774 Murrus
364 2708 482 2772 iterum
490 2707 643 2791 quadam,
656 2706 810 2771 Beliardis
824 2706 919 2785 dicta,
937 2705 1091 2770 Sturnelli
1106 2705 1212 2789 eujus·

211 2819 285 2883 dam
310 2840 398 2897 uxor,
413 2817 508 2901 hujus
534 2816 663 2881 Ricardi
687 2814 843 2880 industria
863 2821 1040 2899 provocata,
1055 2821 1128 2899 post
1149 2814 1212 2879 viri

211 2928 261 2993 sui
276 2929 437 2993 decessum
452 2928 561 2991 domos
583 2950 654 2991 suas
669 2926 762 2990 altari
778 2926 902 2990 Sanctae
917 2925 1027 2989 Maris
1048 2923 1212 2990 attitulare

210 3037 375 3122 disposuit.
422 3037 484 3102 Sed
497 3037 527 3101 ei
540 3036 619 3102 talia
640 3036 797 3121 cogitanti
812 3035 1055 3100 calumniatores
1070 3035 1210 3120 quidum,

211 3151 265 3236 qui
275 3150 357 3235 juris
372 3148 433 3214 sibi
448 3148 573 3233 aliquod
588 3171 621 3213 sc
641 3147 754 3212 habere
768 3146 936 3233 putabant,
951 3145 1210 3224 insurrexerunt3

211 3260 265 3325 sed
290 3258 433 3324 veritatis
455 3258 700 3343 investigatione
729 3281 749 3321 a
770 3256 976 3343 sapientibus,
1001 3255 1056 3341 qui
1081 3277 1211 3320 causam

211 3377 377 3454 utramque
401 3369 593 3451 tractabant,
618 3373 730 3453 utpote
763 3367 955 3433 calumniam
980 3366 1136 3451 injustam
1161 3366 1211 3430 in·

212 3482 356 3560 serentes,
368 3480 570 3564 postmodum
588 3482 640 3563 (ut
655 3484 777 3543 rectum
792 3479 874 3558 erat)
892 3475 1008 3561 repulsi
1023 3482 1110 3541 sunt.

415 3686 423 3719 ¹
440 3691 522 3741 These
533 3691 618 3742 words
629 3705 699 3740 seem
710 3705 856 3754 necessary.

406 3768 417 3801 ¹
433 3769 450 3817 2
462 3768 534 3819 Hist.
544 3769 614 3818 Mon.
625 3767 740 3831 Abingd.
750 3767 800 3817 206
813 3765 886 3831 (Rau
898 3763 992 3829 Com).
