3000 4972
243 548 305 609 246
485 561 620 606 amorra
641 559 987 630 anano-nonnarum.

243 716 356 799 quibus
372 715 439 798 ipsa
453 713 581 778 ecclesia
597 713 683 797 regia
697 711 868 796 largitione
883 712 1043 797 assignata
1059 734 1125 776 esse
1140 710 1251 774 dinos-

243 827 336 903 citur,
353 825 478 889 institui
502 824 612 888 debere
637 823 885 908 praeseutatione.
932 821 1033 886 Adest
1056 821 1108 886 die
1134 827 1168 886 et
1183 821 1255 885 loco

243 937 450 1001 determinato
474 943 630 1019 superstes
656 936 769 1013 adhuc,
795 936 886 1018 cujus
916 933 1060 1017 superius
1089 934 1174 997 facta
1204 937 1256 995 est

245 1046 373 1123 mentio,
391 1045 548 1109 Robertus
564 1046 772 1128 Philosophus
787 1044 870 1108 vices
885 1043 1008 1107 abbatis
1024 1042 1087 1106 illic
1102 1042 1255 1106 adversus

246 1157 384 1220 Alanum
401 1156 516 1220 ibidem
533 1164 609 1220 tunc
626 1156 720 1220 etiam
738 1163 923 1239 praesentem
939 1166 1137 1219 executurus.
1178 1152 1256 1217 Quo

246 1266 278 1330 in
295 1266 670 1351 pr·aesentiajusticia-rum
694 1267 746 1350 jus
771 1265 951 1329 monasterii
981 1263 1089 1328 Sancti
1115 1262 1255 1326 Martini

247 1377 284 1441 dc
301 1377 388 1441 Bello
403 1385 588 1462 exponente,
604 1384 636 1440 et
662 1399 754 1460 super
778 1376 873 1439 Alani
898 1375 1091 1438 invasionem
1115 1396 1252 1458 conque·

249 1495 346 1565 rente,
377 1488 497 1552 Alanus
527 1487 675 1564 renitens,
707 1495 809 1550 cartas
838 1508 915 1569 quas
945 1484 1069 1548 abbatis
1093 1482 1256 1547 Warnerii

248 1598 373 1661 nomine
389 1604 577 1682 praenotatas
594 1597 836 1661 memoravimus
851 1594 1029 1680 praetendit,
1040 1616 1133 1678 seque
1147 1616 1187 1658 cx
1202 1593 1254 1678 ip-

248 1711 314 1772 sius
334 1709 458 1772 abbatis
476 1710 550 1773 dum
571 1710 672 1773 adhuc
693 1708 813 1772 viveret
828 1729 982 1771 consensu
998 1705 1063 1769 illic
1078 1703 1254 1769 admissum

248 1844 312 1885 esse
327 1821 468 1884 asseruit.
526 1820 616 1883 Licet
632 1819 731 1903 igitur
745 1818 916 1902 diligenter
931 1815 1130 1880 intuentibus
1146 1815 1253 1898 palam

248 1939 328 1996 essct
353 1939 455 1994 cartas
482 1932 564 2014 ipsas
590 1939 697 1993 notam
724 1930 870 1993 falsitatis
902 1928 1025 2007 habere,
1048 1934 1117 1991 erat
1143 1935 1253 1990 tamen

248 2043 390 2105 omnium
407 2041 461 2124 qui
475 2042 605 2104 aderant
620 2041 769 2105 unanime
783 2039 950 2103 consilium
973 2045 1007 2103 ct
1028 2037 1197 2121 persuasio,
1214 2046 1254 2100 ut

248 2151 409 2215 hincinde
431 2151 536 2234 potius
561 2152 710 2215 ducerent
728 2152 976 2234 componendum
1001 2172 1094 2234 quam
1121 2148 1254 2232 litigan-

248 2265 336 2327 dum.
381 2261 520 2325 Consilio
535 2269 567 2325 et
583 2263 739 2325 voluntati
755 2262 1010 2346 persuadentium
1027 2284 1097 2345 pars
1119 2266 1255 2343 utraque

248 2373 414 2449 consentit,
441 2374 544 2457 sicque
581 2373 619 2437 ab
658 2373 785 2437 arbitris
816 2374 910 2437 datur
948 2371 1129 2456 hujusmodi
1152 2373 1256 2435 forma

249 2484 494 2568 compositionis,
510 2485 660 2568 quatinus
677 2485 796 2549 scilicet
812 2485 933 2548 Alanus
950 2484 1009 2548 toti
1027 2484 1093 2567 juri
1115 2482 1198 2567 quod
1221 2482 1255 2545 in

249 2595 377 2660 ecclesia
407 2594 466 2660 de*
482 2597 703 2660 Mcndleslram
736 2619 768 2659 se
805 2596 918 2659 habere
953 2594 1112 2658 fatebatur
1142 2601 1254 2677 sponte

249 2707 443 2785 renuntians,
460 2712 561 2770 cartas
577 2714 764 2770 memoratas
779 2706 892 2790 quibus
915 2713 1037 2789 partem
1059 2727 1147 2768 suam
1172 2702 1256 2768 tueri

249 2818 408 2881 nitebatur·
419 2819 452 2880 in
469 2841 579 2882 manus
589 2816 712 2881 abbatis
728 2819 912 2899 resignaret.
937 2817 1039 2899 Cujus
1054 2814 1098 2879 sic
1113 2815 1253 2899 gratiam

249 2929 391 3012 aulcptus,
418 2929 514 2991 solam
539 2928 699 2993 ecclesiam
723 2928 760 2991 de
784 2929 960 2991 Brantham
983 2950 1088 3011 quam,
1103 2932 1153 2990 'ut
1175 2949 1253 3010 prae·

249 3039 398 3116 diximuS,
425 3039 531 3101 minus
554 3040 703 3102 canonice
727 3045 886 3102 assecutus
912 3046 970 3116 cst,
996 3063 1035 3102 ex
1061 3061 1123 3122 qua
1146 3037 1255 3122 pcnsio

250 3150 291 3213 X.
308 3150 476 3213 solidorum
505 3175 560 3234 pro
584 3151 714 3234 antiqua
740 3151 965 3215 consuetudine
991 3150 1179 3229 solvebatur,
1194 3149 1253 3213 sub

250 3286 354 3324 annua
380 3263 528 3346 pensione
556 3264 649 3327 unius
673 3265 758 3327 aurei
786 3264 974 3327 monasterio
993 3263 1102 3327 Sancti
1119 3262 1254 3327 Martini

250 3371 288 3433 de
304 3372 391 3434 Bello
410 3373 568 3450 solvenda,
585 3373 712 3437 nomine
723 3374 820 3456 ipsius
830 3375 1010 3439 monasterii
1024 3375 1124 3458 quoad
1136 3374 1255 3439 viveret

251 3487 379 3557 teneret,
394 3491 426 3543 et
442 3481 486 3544 sic
502 3480 541 3544 lis
556 3482 659 3544 omnis
674 3489 707 3546 et
723 3485 934 3548 controversia
948 3485 1187 3569 conquiesceret.

294 3589 451 3655 Omnibus
484 3591 564 3654 hanc
595 3593 831 3676 compositionis
869 3595 1000 3658 formam
1038 3595 1253 3680 probantibus,

248 3701 451 3786 partibusque
466 3700 541 3764 hinc
558 3701 630 3766 inde
646 3704 925 3783 consentientibus,
935 3705 1000 3770 dies
1011 3706 1159 3791 locusque
1170 3706 1253 3790 apud

251 3813 456 3878 Cantuariam
475 3811 637 3890 statuitur,
654 3836 715 3897 quo
733 3837 835 3877 coram
846 3816 985 3897 justiciis
1005 3817 1101 3881 abbas
1126 3817 1160 3881 in
1184 3841 1253 3902 per·

249 3949 325 3990 sona
346 3923 480 4009 propria,
495 3930 527 3987 ct
551 3923 671 3987 Alanus
695 3925 917 3991 confirmandas
932 3928 1168 4013 compositionis
1193 3928 1253 3992 for·

250 4044 342 4101 mate
364 4033 467 4119 gratia
483 4034 683 4099 conveniant.
716 4036 840 4101 Abbate
856 4037 906 4103 die
921 4046 954 4103 et
970 4038 1037 4102 loco
1053 4039 1255 4103 denominato

248 4171 350 4211 coram
377 4144 514 4230 justiciis
544 4154 724 4230 apparente,
750 4147 870 4211 Alanus
899 4172 956 4213 nec
986 4172 1167 4233 comparens
1197 4174 1253 4214 nec

246 4261 459 4322 excusatorem
475 4256 624 4340 dirigens,
641 4259 781 4322 omnium
799 4259 917 4342 judicio
936 4260 1149 4323 misericordiae
1171 4261 1255 4344 regis
