3000 4972
621 562 731 608 unsar
754 563 791 609 11.
1147 542 1209 606 173

207 715 312 781 Adam
342 715 544 793 Vieecomite,
576 715 715 780 Jordauo
744 714 783 780 de
812 714 970 791 Samford‚
1001 713 1145 778 Johauue
1173 713 1212 777 de

209 829 328 892 Sancta
354 827 486 906 Helena,
512 826 669 891 Gaufredo
693 827 732 891 de
759 825 995 911 Sunigeuuelle,
1010 825 1149 890 Heurieo
1174 825 1213 889 de

206 938 282 1017 Pisi,
299 938 435 1003 Radulfo
450 937 591 1017 Britoue‚
609 937 746 1002 Rudulfo
762 937 929 1017 Placitore,
943 942 976 1002 et
991 937 1102 1000 multis
1116 935 1197 1002 aliis.

241 1075 290 1124 See
309 1076 397 1124 Abbot
417 1073 545 1124 Walkelin
562 1073 713 1123 v.'1¹uratiu
733 1075 835 1133 Basset,
853 1077 919 1135 post,
939 1089 965 1135 p.
987 1074 1045 1124 197.
1077 1073 1133 1122 Tho
1152 1074 1212 1123 first

208 1167 371 1215 appearance
383 1153 413 1201 of
427 1152 472 1200 the
488 1151 599 1214 perfect,
610 1167 640 1200 or
657 1152 748 1215 nearly
758 1152 869 1214 perfect,
881 1153 942 1201 writ
954 1152 983 1201 os
997 1153 1073 1201 novel
1091 1152 1212 1202 dieseiain

208 1231 262 1279 will
272 1230 306 1278 be
318 1230 421 1279 notiood
433 1229 523 1289 above,
535 1242 578 1290 pp.
590 1229 645 1288 169,
660 1227 716 1286 170,
728 1231 810 1278 notes.

210 1565 339 1646 [Annos
361 1565 506 1628 Wumnu
527 1586 555 1628 0.
580 1567 676 1628 Auru
699 1584 740 1628 nn
762 1566 922 1630 Numan.
967 1566 1066 1629 Nasu
1088 1585 1153 1630 urio
1172 1585 1212 1630 01

253 1694 353 1739 nurus
369 1694 408 1739 or
429 1676 579 1739 smmm
594 1695 637 1740 oa
652 1695 835 1740 auumumo
849 1695 889 1740 or
903 1697 986 1740 rear
1001 1695 1041 1740 01
1058 1677 1145 1742 Has.
1157 1678 1211 1742 ·ΙΙ.

253 1806 464 1850 —rnoaasur
486 1807 549 1850 rna
571 1788 738 1869 1011111]ι

211 1921 280 1987 [The
296 1921 446 1980 defendant,
470 1921 515 1970 the
532 1921 618 1984 king’a
636 1921 756 1981 foresten,
775 1921 856 1971 leviea
878 1922 930 1970 and
950 1923 1055 1972 collecta
1073 1939 1090 1971 a
1106 1938 1164 1972 aum
1186 1923 1217 1973 01

275 2014 369 2063 money
377 2000 406 2048 of
414 1999 489 2048 landa
500 2000 530 2048 of
538 2000 626 2049 Battel
635 2001 727 2063 Abbey
739 2015 768 2048 us
779 2005 886 2057 essarta,
898 2001 950 2049 and
966 2002 1043 2050 sends
1051 2002 1096 2050 tho
1105 2006 1213 2050 amount

275 2081 304 2126 to
315 2078 360 2126 the
370 2082 493 2141 treasury
504 2078 534 2126 of
547 2078 592 2127 the
603 2078 674 2139 king.
709 2079 765 2126 The
781 2079 861 2127 abbot
872 2079 902 2127 of
911 2079 1006 2138 Battel,
1018 2095 1052 2128 ou
1066 2080 1176 2142 hearing
1186 2079 1217 2128 of

275 2156 338 2214 this,
349 2159 438 2204 enters
448 2157 591 2217 complaint
601 2157 629 2204 in
640 2157 685 2204 the
698 2157 777 2206 Gourt
789 2156 817 2205 of
834 2157 985 2220 Exohequer
996 2157 1086 2206 before
1097 2159 1142 2206 the
1158 2159 1214 2206 eurl

275 2231 306 2281 of
319 2233 456 2291 leicester,
469 2233 581 2281 Rioherd
592 2234 625 2282 de
637 2233 701 2281 Luci
714 2233 794 2298 (chief
806 2234 950 2297 justiciar),
961 2233 1013 2282 und
1025 2234 1100 2282 other
1109 2235 1212 2294 borona,

275 2311 327 2359 and
339 2311 436 2372 having
446 2310 606 2360 established
617 2311 662 2359 the
674 2312 789 2361 libertiea
805 2311 834 2360 of
851 2313 946 2372 Battel,
958 2313 1062 2361 obtaina
1076 2311 1214 2375 judgmont

275 2387 304 2437 of
315 2388 488 2453 restitutiou.]

211 2503 370 2566 Pamaaar
385 2503 454 2586 ejus
475 2503 670 2586 temporibus
695 2503 815 2567 domini
839 2504 923 2587 rogis
946 2503 1117 2570 forestariis
1143 2503 1213 2588 qui-

211 2612 284 2675 dam
300 2612 422 2676 Alanus
436 2612 474 2677 de
488 2613 675 2677 Nova-villa
689 2618 830 2692 vocatus,
846 2615 900 2697 qui
923 2637 962 2678 ex
987 2636 1128 2677 concessa
1154 2614 1215 2677 sibi

212 2729 367 2808 potestate
383 2724 459 2788 satis
475 2722 631 2789 malitiose
645 2724 818 2788 innumeris
833 2730 865 2788 et
884 2724 1019 2789 insolitis
1034 2724 1214 2808 quaestioni·

211 2835 270 2899 bus
282 2834 419 2899 diversas
434 2858 489 2918 per
505 2835 658 2918 Angliam
673 2835 848 2919 provincias
860 2835 1006 2899 vexabat.
1031 2835 1115 2900 Quia
1130 2835 1214 2898 cuim

212 2969 269 3012 neo
284 2946 389 3010 Deum
404 2968 461 3010 uec
483 2946 626 3009 homines
651 2945 827 3023 verebatur,
842 2968 899 3010 uec
924 2944 1140 3009 ecclesiasticis
1159 2967 1216 3009 neo

211 3057 400 3123 secularibus
414 3058 560 3143 parcebat
574 3057 799 3149 dignitatibus.
844 3057 982 3121 Domino
1008 3057 1114 3141 itaque
1143 3079 1217 3141 rege

212 3170 246 3233 in
261 3169 479 3232 transmarinis
494 3173 620 3253 agente,
632 3169 715 3232 inter
729 3172 839 3233 caetera
854 3168 1033 3252 iniquitatis
1048 3189 1111 3230 suae
1126 3190 1217 3252 opera

212 3281 295 3344 idem
311 3278 433 3343 Alanus
448 3279 481 3343 in
497 3279 637 3343 maneria
651 3279 784 3344 ecolesiae
802 3280 911 3344 Sancti
927 3279 1064 3343 Martini
1079 3279 1116 3343 de
1129 3278 1217 3342 Bello

212 3390 295 3453 iufra
309 3389 460 3454 terminos
475 3388 660 3452 forestarum
676 3389 738 3454 sita
753 3390 930 3474 insurgens,
946 3389 984 3454 de
1010 3413 1073 3453 uno
1097 3411 1217 3468 eorum,

212 3501 331 3565 scilieet
357 3501 539 3577 Bromham,
556 3500 631 3564 XX.
654 3500 778 3580 solidos,
801 3502 892 3566 etde
916 3501 1051 3585 quodam
1076 3501 1217 3565 membro

212 3611 351 3695 ejusdem
366 3610 484 3674 scilicet
499 3610 633 3674 Auestia
654 3611 817 3675 dimidiam
842 3634 989 3690 maroam,
1016 3617 1048 3674 et
1073 3614 1217 3675 tantum-

213 3723 285 3787 dem
315 3723 353 3787 de
383 3721 520 3785 manerio
550 3720 588 3784 dc
619 3720 936 3801 Bricthwoldintuue,
963 3744 1018 3806 pro
1044 3721 1160 3785 exertis
1186 3722 1218 3784 vi

213 3834 329 3917 exegit.
376 3831 515 3897 Colleota
530 3838 577 3894 est
599 3832 665 3896 haee
690 3833 820 3917 peounia
847 3855 902 3917 per
926 3833 1122 3896 vicecomites
1147 3853 1218 3915 pro-

214 3945 400 4022 vinciarum,
416 3949 448 4007 et
464 3942 504 4005 ad
519 3942 705 4005 scaccarium
727 3943 848 4005 domini
874 3942 957 4025 regis
983 3940 1097 4018 delata,
1123 3941 1178 4003 ubi
1200 3963 1219 4002 0

213 4055 380 4120 thesauriis
395 4058 529 4136 recepta,
553 4053 586 4115 in
613 4052 719 4115 aerario
745 4051 866 4115 domini
892 4052 975 4134 regis
1001 4056 1049 4114 est
1075 4050 1218 4134 reposita.

216 4167 288 4231 Quo
304 4164 443 4248 cognito,
458 4162 553 4226 abbas
569 4185 669 4225 unum
691 4185 730 4225 ex
752 4162 912 4225 monachis
938 4161 1002 4224 suis
1027 4183 1098 4224 cum
1125 4161 1219 4223 cartis

369 4316 376 4346 ¹
397 4311 491 4360 chron.
504 4310 572 4359 Mon.
584 4309 616 4356 de
629 4309 708 4366 Bello,
722 4308 769 4356 110
782 4306 860 4371 (Ang.
873 4307 956 4357 Chris.
971 4307 1050 4370 Soc).
