<?xml version="1.0" encoding="UTF-8"?>
<!DOCTYPE html PUBLIC "-//W3C//DTD XHTML 1.0 Transitional//EN"
    "http://www.w3.org/TR/xhtml1/DTD/xhtml1-transitional.dtd">
<html xmlns="http://www.w3.org/1999/xhtml" xml:lang="en" lang="en">
 <head>
  <title>
</title>
<meta http-equiv="Content-Type" content="text/html;charset=utf-8" />
  <meta name='ocr-system' content='tesseract 3.04.00' />
  <meta name='ocr-capabilities' content='ocr_page ocr_carea ocr_par ocr_line ocrx_word'/>
</head>
<body>
  <div class='ocr_page' id='page_1' title='image "./placitaanglonor00bigegoog_0287.png"; bbox 0 0 3000 4972; ppageno 0'>
   <div class='ocr_carea' id='block_1_1' title="bbox 273 533 1017 594">
    <p class='ocr_par' dir='ltr' id='par_1_1' title="bbox 273 533 1017 594">
     <span class='ocr_line' id='line_1_1' title="bbox 273 533 1017 594; baseline 0.003 -2"><span class='ocrx_word' id='word_1_1' title='bbox 273 533 335 594; x_wconf 79' lang='lat'>218</span> <span class='ocrx_word' id='word_1_2' title='bbox 518 550 650 594; x_wconf 73' lang='lat' dir='ltr'>ennoias</span> <span class='ocrx_word' id='word_1_3' title='bbox 673 548 1017 594; x_wconf 75' lang='lat' dir='ltr'>sueno-nonnamuoa.</span> 
     </span>
    </p>
   </div>
   <div class='ocr_carea' id='block_1_2' title="bbox 267 700 1273 1564">
    <p class='ocr_par' dir='ltr' id='par_1_2' title="bbox 267 700 1273 1564">
     <span class='ocr_line' id='line_1_2' title="bbox 269 700 1273 786; baseline 0.003 -22"><span class='ocrx_word' id='word_1_4' title='bbox 269 701 486 766; x_wconf 86' lang='lat' dir='ltr'>Abbendoniae</span> <span class='ocrx_word' id='word_1_5' title='bbox 495 725 586 786; x_wconf 90' lang='lat' dir='ltr'>super</span> <span class='ocrx_word' id='word_1_6' title='bbox 595 724 657 764; x_wconf 91' lang='lat' dir='ltr'>una</span> <span class='ocrx_word' id='word_1_7' title='bbox 667 700 740 764; x_wconf 89' lang='lat' dir='ltr'>hida</span> <span class='ocrx_word' id='word_1_8' title='bbox 752 700 786 762; x_wconf 94' lang='lat' dir='ltr'>in</span> <span class='ocrx_word' id='word_1_9' title='bbox 798 701 1000 782; x_wconf 90' lang='lat' dir='ltr'>Dnmeltune,</span> <span class='ocrx_word' id='word_1_10' title='bbox 1010 724 1103 786; x_wconf 89' lang='lat' dir='ltr'>quam</span> <span class='ocrx_word' id='word_1_11' title='bbox 1116 702 1273 767; x_wconf 86' lang='lat' dir='ltr'>clamabat</span> 
     </span>
     <span class='ocr_line' id='line_1_3' title="bbox 269 811 1273 896; baseline 0.002 -22"><span class='ocrx_word' id='word_1_12' title='bbox 269 835 324 896; x_wconf 91' lang='lat' dir='ltr'>per</span> <span class='ocrx_word' id='word_1_13' title='bbox 346 812 440 876; x_wconf 89' lang='lat' dir='ltr'>breve</span> <span class='ocrx_word' id='word_1_14' title='bbox 462 813 500 877; x_wconf 89' lang='lat' dir='ltr'>de</span> <span class='ocrx_word' id='word_1_15' title='bbox 523 819 608 877; x_wconf 85' lang='lat' dir='ltr'>recto</span> <span class='ocrx_word' id='word_1_16' title='bbox 619 819 724 876; x_wconf 87' lang='lat' dir='ltr'>tenere</span> <span class='ocrx_word' id='word_1_17' title='bbox 746 811 784 875; x_wconf 90' lang='lat' dir='ltr'>de</span> <span class='ocrx_word' id='word_1_18' title='bbox 808 813 899 876; x_wconf 94' lang='lat' dir='ltr'>domo</span> <span class='ocrx_word' id='word_1_19' title='bbox 924 813 1148 877; x_wconf 86' lang='lat' dir='ltr'>Abbendoniae.</span> <span class='ocrx_word' id='word_1_20' title='bbox 1194 814 1273 879; x_wconf 75' lang='lat' dir='ltr'>Quae</span> 
     </span>
     <span class='ocr_line' id='line_1_4' title="bbox 268 923 1271 1008; baseline 0.002 -23"><span class='ocrx_word' id='word_1_21' title='bbox 268 923 477 987; x_wconf 85' lang='lat' dir='ltr'>controversia</span> <span class='ocrx_word' id='word_1_22' title='bbox 492 946 563 987; x_wconf 91' lang='lat' dir='ltr'>cnm</span> <span class='ocrx_word' id='word_1_23' title='bbox 579 923 662 986; x_wconf 88' lang='lat' dir='ltr'>inter</span> <span class='ocrx_word' id='word_1_24' title='bbox 670 933 877 985; x_wconf 85' lang='lat' dir='ltr'>memoratum</span> <span class='ocrx_word' id='word_1_25' title='bbox 891 924 1088 987; x_wconf 89' lang='lat' dir='ltr'>Willelmum</span> <span class='ocrx_word' id='word_1_26' title='bbox 1097 924 1271 1008; x_wconf 77' lang='lat' dir='ltr'>Turpinum</span> 
     </span>
     <span class='ocr_line' id='line_1_5' title="bbox 269 1034 1272 1114; baseline 0.001 -16"><span class='ocrx_word' id='word_1_27' title='bbox 269 1040 302 1098; x_wconf 89' lang='lat' dir='ltr'>et</span> <span class='ocrx_word' id='word_1_28' title='bbox 320 1035 450 1099; x_wconf 91' lang='lat' dir='ltr'>domum</span> <span class='ocrx_word' id='word_1_29' title='bbox 475 1035 690 1099; x_wconf 83' lang='lat' dir='ltr'>Abbendoniae</span> <span class='ocrx_word' id='word_1_30' title='bbox 716 1034 771 1097; x_wconf 90' lang='lat' dir='ltr'>diu</span> <span class='ocrx_word' id='word_1_31' title='bbox 797 1042 878 1099; x_wconf 88' lang='lat' dir='ltr'>essct</span> <span class='ocrx_word' id='word_1_32' title='bbox 902 1035 1067 1114; x_wconf 82' lang='lat' dir='ltr'>ventilata,</span> <span class='ocrx_word' id='word_1_33' title='bbox 1086 1035 1215 1100; x_wconf 85' lang='lat' dir='ltr'>tandem</span> <span class='ocrx_word' id='word_1_34' title='bbox 1237 1036 1272 1099; x_wconf 90' lang='lat' dir='ltr'>iu</span> 
     </span>
     <span class='ocr_line' id='line_1_6' title="bbox 268 1145 1272 1230; baseline 0 -21"><span class='ocrx_word' id='word_1_35' title='bbox 268 1145 354 1209; x_wconf 90' lang='lat' dir='ltr'>curia</span> <span class='ocrx_word' id='word_1_36' title='bbox 370 1146 452 1230; x_wconf 84' lang='lat' dir='ltr'>regis</span> <span class='ocrx_word' id='word_1_37' title='bbox 471 1146 529 1210; x_wconf 90' lang='lat' dir='ltr'>hoc</span> <span class='ocrx_word' id='word_1_38' title='bbox 544 1146 605 1210; x_wconf 92' lang='lat' dir='ltr'>fine</span> <span class='ocrx_word' id='word_1_39' title='bbox 628 1152 660 1210; x_wconf 84' lang='lat' dir='ltr'>et</span> <span class='ocrx_word' id='word_1_40' title='bbox 681 1152 788 1210; x_wconf 85' lang='lat' dir='ltr'>tenore</span> <span class='ocrx_word' id='word_1_41' title='bbox 808 1152 856 1211; x_wconf 86' lang='lat' dir='ltr'>ost</span> <span class='ocrx_word' id='word_1_42' title='bbox 873 1146 985 1229; x_wconf 87' lang='lat' dir='ltr'>sopita,</span> <span class='ocrx_word' id='word_1_43' title='bbox 1001 1146 1082 1211; x_wconf 91' lang='lat' dir='ltr'>sieut</span> <span class='ocrx_word' id='word_1_44' title='bbox 1102 1153 1272 1211; x_wconf 86' lang='lat' dir='ltr'>attestatur</span> 
     </span>
     <span class='ocr_line' id='line_1_7' title="bbox 268 1257 1161 1342; baseline 0.002 -22"><span class='ocrx_word' id='word_1_45' title='bbox 268 1265 360 1321; x_wconf 85' lang='lat' dir='ltr'>eartae</span> <span class='ocrx_word' id='word_1_46' title='bbox 376 1259 459 1341; x_wconf 88' lang='lat' dir='ltr'>regis</span> <span class='ocrx_word' id='word_1_47' title='bbox 477 1258 608 1322; x_wconf 89' lang='lat' dir='ltr'>Henriei</span> <span class='ocrx_word' id='word_1_48' title='bbox 625 1258 760 1321; x_wconf 81' lang='lat' dir='ltr'>Secundi</span> <span class='ocrx_word' id='word_1_49' title='bbox 776 1257 965 1341; x_wconf 90' lang='lat' dir='ltr'>subsequens</span> <span class='ocrx_word' id='word_1_50' title='bbox 981 1257 1161 1342; x_wconf 78' lang='lat' dir='ltr'>inscriptio:</span> 
     </span>
     <span class='ocr_line' id='line_1_8' title="bbox 314 1368 1271 1454; baseline -0.001 -22"><span class='ocrx_word' id='word_1_51' title='bbox 314 1369 481 1448; x_wconf 80' lang='lat' dir='ltr'>Hernicus,</span> <span class='ocrx_word' id='word_1_52' title='bbox 494 1370 554 1435; x_wconf 93' lang='lat' dir='ltr'>Dei</span> <span class='ocrx_word' id='word_1_53' title='bbox 577 1370 683 1454; x_wconf 85' lang='lat' dir='ltr'>grat-ia</span> <span class='ocrx_word' id='word_1_54' title='bbox 705 1392 758 1433; x_wconf 84' lang='lat' dir='ltr'>rex</span> <span class='ocrx_word' id='word_1_55' title='bbox 778 1368 915 1452; x_wconf 82' lang='lat' dir='ltr'>Angliae,</span> <span class='ocrx_word' id='word_1_56' title='bbox 932 1375 965 1432; x_wconf 89' lang='lat' dir='ltr'>et</span> <span class='ocrx_word' id='word_1_57' title='bbox 981 1370 1044 1431; x_wconf 82' lang='lat' dir='ltr'>dux</span> <span class='ocrx_word' id='word_1_58' title='bbox 1067 1369 1271 1433; x_wconf 85' lang='lat' dir='ltr'>Normanniae</span> 
     </span>
     <span class='ocr_line' id='line_1_9' title="bbox 267 1480 1269 1564; baseline -0.001 -20"><span class='ocrx_word' id='word_1_59' title='bbox 267 1486 299 1544; x_wconf 88' lang='lat' dir='ltr'>et</span> <span class='ocrx_word' id='word_1_60' title='bbox 319 1481 508 1564; x_wconf 84' lang='lat' dir='ltr'>Aquitaniae,</span> <span class='ocrx_word' id='word_1_61' title='bbox 527 1491 559 1546; x_wconf 85' lang='lat' dir='ltr'>et</span> <span class='ocrx_word' id='word_1_62' title='bbox 577 1504 680 1545; x_wconf 90' lang='lat' dir='ltr'>comes</span> <span class='ocrx_word' id='word_1_63' title='bbox 703 1480 907 1563; x_wconf 82' lang='lat' dir='ltr'>Andegaviae,</span> <span class='ocrx_word' id='word_1_64' title='bbox 922 1480 1170 1564; x_wconf 73' lang='lat' dir='ltr'>archiepiscopis,</span> <span class='ocrx_word' id='word_1_65' title='bbox 1190 1481 1269 1564; x_wconf 91' lang='lat' dir='ltr'>epis-</span> 
     </span>
    </p>
   </div>
   <div class='ocr_carea' id='block_1_3' title="bbox 265 1591 1271 2355">
    <p class='ocr_par' dir='ltr' id='par_1_3' title="bbox 265 1591 1271 2355">
     <span class='ocr_line' id='line_1_10' title="bbox 266 1591 1271 1677; baseline -0.002 -19"><span class='ocrx_word' id='word_1_66' title='bbox 266 1592 362 1677; x_wconf 85' lang='lat' dir='ltr'>copis,</span> <span class='ocrx_word' id='word_1_67' title='bbox 385 1593 562 1670; x_wconf 80' lang='lat' dir='ltr'>abbatibus,</span> <span class='ocrx_word' id='word_1_68' title='bbox 590 1592 769 1671; x_wconf 82' lang='lat' dir='ltr'>comitibus,</span> <span class='ocrx_word' id='word_1_69' title='bbox 798 1591 976 1668; x_wconf 81' lang='lat' dir='ltr'>baronibus,</span> <span class='ocrx_word' id='word_1_70' title='bbox 1009 1591 1154 1675; x_wconf 87' lang='lat' dir='ltr'>justiciis,</span> <span class='ocrx_word' id='word_1_71' title='bbox 1190 1591 1271 1656; x_wconf 90' lang='lat' dir='ltr'>vioe·</span> 
     </span>
     <span class='ocr_line' id='line_1_11' title="bbox 267 1703 1271 1784; baseline -0.002 -15"><span class='ocrx_word' id='word_1_72' title='bbox 267 1704 446 1782; x_wconf 77' lang='lat' dir='ltr'>comitibuS,</span> <span class='ocrx_word' id='word_1_73' title='bbox 462 1705 626 1784; x_wconf 88' lang='lat' dir='ltr'>ministris,</span> <span class='ocrx_word' id='word_1_74' title='bbox 642 1711 674 1769; x_wconf 91' lang='lat' dir='ltr'>et</span> <span class='ocrx_word' id='word_1_75' title='bbox 688 1703 834 1768; x_wconf 90' lang='lat' dir='ltr'>omnibus</span> <span class='ocrx_word' id='word_1_76' title='bbox 852 1703 994 1768; x_wconf 91' lang='lat' dir='ltr'>fidelibus</span> <span class='ocrx_word' id='word_1_77' title='bbox 1009 1703 1084 1783; x_wconf 88' lang='lat' dir='ltr'>suis,</span> <span class='ocrx_word' id='word_1_78' title='bbox 1097 1704 1224 1767; x_wconf 72' lang='lat' dir='ltr'>Francis</span> <span class='ocrx_word' id='word_1_79' title='bbox 1238 1709 1271 1767; x_wconf 83' lang='lat' dir='ltr'>et</span> 
     </span>
     <span class='ocr_line' id='line_1_12' title="bbox 267 1814 1269 1900; baseline 0 -21"><span class='ocrx_word' id='word_1_80' title='bbox 267 1815 502 1899; x_wconf 85' lang='lat' dir='ltr'>Anglis,t0tius</span> <span class='ocrx_word' id='word_1_81' title='bbox 524 1817 661 1900; x_wconf 82' lang='lat' dir='ltr'>Angliae,</span> <span class='ocrx_word' id='word_1_82' title='bbox 676 1815 822 1879; x_wconf 87' lang='lat' dir='ltr'>salutem.</span> <span class='ocrx_word' id='word_1_83' title='bbox 869 1815 983 1878; x_wconf 82' lang='lat' dir='ltr'>Sciatis</span> <span class='ocrx_word' id='word_1_84' title='bbox 1003 1838 1053 1878; x_wconf 87' lang='lat' dir='ltr'>me</span> <span class='ocrx_word' id='word_1_85' title='bbox 1074 1814 1269 1892; x_wconf 86' lang='lat' dir='ltr'>concessisse,</span> 
     </span>
     <span class='ocr_line' id='line_1_13' title="bbox 266 1925 1269 2012; baseline -0.001 -21"><span class='ocrx_word' id='word_1_86' title='bbox 266 1933 300 1991; x_wconf 87' lang='lat' dir='ltr'>et</span> <span class='ocrx_word' id='word_1_87' title='bbox 319 1929 465 2012; x_wconf 85' lang='lat' dir='ltr'>praesenti</span> <span class='ocrx_word' id='word_1_88' title='bbox 489 1935 574 1992; x_wconf 85' lang='lat' dir='ltr'>carta</span> <span class='ocrx_word' id='word_1_89' title='bbox 598 1927 808 2006; x_wconf 88' lang='lat' dir='ltr'>confirmasse,</span> <span class='ocrx_word' id='word_1_90' title='bbox 820 1925 980 1990; x_wconf 89' lang='lat' dir='ltr'>Willelmo</span> <span class='ocrx_word' id='word_1_91' title='bbox 1000 1926 1149 2010; x_wconf 77' lang='lat' dir='ltr'>lhnpino,</span> <span class='ocrx_word' id='word_1_92' title='bbox 1167 1949 1269 1990; x_wconf 88' lang='lat' dir='ltr'>carne-</span> 
     </span>
     <span class='ocr_line' id='line_1_14' title="bbox 265 2037 1269 2122; baseline -0.003 -19"><span class='ocrx_word' id='word_1_93' title='bbox 265 2038 347 2103; x_wconf 82' lang='lat' dir='ltr'>ran&#39;o</span> <span class='ocrx_word' id='word_1_94' title='bbox 365 2061 445 2118; x_wconf 92' lang='lat' dir='ltr'>meo,</span> <span class='ocrx_word' id='word_1_95' title='bbox 468 2045 501 2103; x_wconf 85' lang='lat' dir='ltr'>et</span> <span class='ocrx_word' id='word_1_96' title='bbox 520 2037 685 2102; x_wconf 84' lang='lat' dir='ltr'>heredibus</span> <span class='ocrx_word' id='word_1_97' title='bbox 705 2038 781 2116; x_wconf 89' lang='lat' dir='ltr'>suis,</span> <span class='ocrx_word' id='word_1_98' title='bbox 803 2044 918 2103; x_wconf 88' lang='lat' dir='ltr'>terram</span> <span class='ocrx_word' id='word_1_99' title='bbox 946 2037 985 2101; x_wconf 89' lang='lat' dir='ltr'>de</span> <span class='ocrx_word' id='word_1_100' title='bbox 1004 2038 1151 2116; x_wconf 86' lang='lat' dir='ltr'>Feneota,</span> <span class='ocrx_word' id='word_1_101' title='bbox 1174 2054 1269 2122; x_wconf 86' lang='lat' dir='ltr'>quam</span> 
     </span>
     <span class='ocr_line' id='line_1_15' title="bbox 266 2148 1268 2233; baseline -0.002 -21"><span class='ocrx_word' id='word_1_102' title='bbox 266 2149 410 2233; x_wconf 83' lang='lat' dir='ltr'>Rogems</span> <span class='ocrx_word' id='word_1_103' title='bbox 444 2149 541 2213; x_wconf 87' lang='lat' dir='ltr'>abbas</span> <span class='ocrx_word' id='word_1_104' title='bbox 570 2148 797 2227; x_wconf 86' lang='lat' dir='ltr'>Abbendoniae,</span> <span class='ocrx_word' id='word_1_105' title='bbox 822 2148 982 2213; x_wconf 89' lang='lat' dir='ltr'>communi</span> <span class='ocrx_word' id='word_1_106' title='bbox 1013 2171 1140 2212; x_wconf 89' lang='lat' dir='ltr'>assensu</span> <span class='ocrx_word' id='word_1_107' title='bbox 1170 2148 1268 2212; x_wconf 86' lang='lat' dir='ltr'>totins</span> 
     </span>
     <span class='ocr_line' id='line_1_16' title="bbox 266 2259 1269 2355; baseline -0.001 -31"><span class='ocrx_word' id='word_1_108' title='bbox 266 2266 438 2324; x_wconf 87' lang='lat' dir='ltr'>conventus</span> <span class='ocrx_word' id='word_1_109' title='bbox 453 2259 549 2344; x_wconf 89' lang='lat' dir='ltr'>ipsius</span> <span class='ocrx_word' id='word_1_110' title='bbox 560 2260 705 2338; x_wconf 84' lang='lat' dir='ltr'>abbatiae,</span> <span class='ocrx_word' id='word_1_111' title='bbox 714 2283 818 2324; x_wconf 88' lang='lat' dir='ltr'>coram</span> <span class='ocrx_word' id='word_1_112' title='bbox 830 2283 880 2324; x_wconf 90' lang='lat' dir='ltr'>me</span> <span class='ocrx_word' id='word_1_113' title='bbox 889 2261 1043 2355; x_wconf 74' lang='lat' dir='ltr'>concessit</span> <span class='ocrx_word' id='word_1_114' title='bbox 1052 2260 1080 2325; x_wconf 92' lang='lat' dir='ltr'>ei</span> <span class='ocrx_word' id='word_1_115' title='bbox 1088 2260 1269 2338; x_wconf 88' lang='lat' dir='ltr'>tenendam,</span> 
     </span>
    </p>
   </div>
   <div class='ocr_carea' id='block_1_4' title="bbox 218 2370 1267 3348">
    <p class='ocr_par' dir='ltr' id='par_1_4' title="bbox 218 2370 1267 3348">
     <span class='ocr_line' id='line_1_17' title="bbox 264 2370 1267 2456; baseline -0.001 -22"><span class='ocrx_word' id='word_1_116' title='bbox 264 2394 320 2456; x_wconf 91' lang='lat' dir='ltr'>pro</span> <span class='ocrx_word' id='word_1_117' title='bbox 336 2371 458 2435; x_wconf 88' lang='lat' dir='ltr'>dnobus</span> <span class='ocrx_word' id='word_1_118' title='bbox 473 2370 578 2434; x_wconf 90' lang='lat' dir='ltr'>solidis</span> <span class='ocrx_word' id='word_1_119' title='bbox 593 2370 759 2434; x_wconf 84' lang='lat' dir='ltr'>annuatim</span> <span class='ocrx_word' id='word_1_120' title='bbox 775 2371 939 2436; x_wconf 89' lang='lat' dir='ltr'>reddendis</span> <span class='ocrx_word' id='word_1_121' title='bbox 955 2371 1121 2436; x_wconf 87' lang='lat' dir='ltr'>camerario</span> <span class='ocrx_word' id='word_1_122' title='bbox 1133 2370 1267 2446; x_wconf 86' lang='lat' dir='ltr'>abbatis,</span> 
     </span>
     <span class='ocr_line' id='line_1_18' title="bbox 265 2480 1267 2565; baseline -0.001 -17"><span class='ocrx_word' id='word_1_123' title='bbox 265 2483 305 2548; x_wconf 88' lang='lat' dir='ltr'>ad</span> <span class='ocrx_word' id='word_1_124' title='bbox 319 2483 438 2548; x_wconf 82' lang='lat' dir='ltr'>festum</span> <span class='ocrx_word' id='word_1_125' title='bbox 458 2481 567 2546; x_wconf 89' lang='lat' dir='ltr'>Sancti</span> <span class='ocrx_word' id='word_1_126' title='bbox 586 2480 765 2560; x_wconf 67' lang='lat' dir='ltr'>Michaelis</span> <span class='ocrx_word' id='word_1_127' title='bbox 781 2505 836 2565; x_wconf 88' lang='lat' dir='ltr'>pro</span> <span class='ocrx_word' id='word_1_128' title='bbox 860 2483 946 2546; x_wconf 93' lang='lat' dir='ltr'>omni</span> <span class='ocrx_word' id='word_1_129' title='bbox 967 2482 1094 2548; x_wconf 85' lang='lat' dir='ltr'>servitio</span> <span class='ocrx_word' id='word_1_130' title='bbox 1117 2483 1157 2546; x_wconf 89' lang='lat' dir='ltr'>ad</span> <span class='ocrx_word' id='word_1_131' title='bbox 1172 2482 1267 2547; x_wconf 86' lang='lat' dir='ltr'>eccle·</span> 
     </span>
     <span class='ocr_line' id='line_1_19' title="bbox 265 2592 1266 2677; baseline -0.001 -19"><span class='ocrx_word' id='word_1_132' title='bbox 265 2593 344 2658; x_wconf 88' lang='lat' dir='ltr'>siam</span> <span class='ocrx_word' id='word_1_133' title='bbox 367 2592 582 2657; x_wconf 85' lang='lat' dir='ltr'>Abbendoniae</span> <span class='ocrx_word' id='word_1_134' title='bbox 612 2593 789 2677; x_wconf 87' lang='lat' dir='ltr'>pertinente</span> <span class='ocrx_word' id='word_1_135' title='bbox 801 2620 810 2672; x_wconf 83' lang='lat'>3</span> <span class='ocrx_word' id='word_1_136' title='bbox 848 2593 895 2657; x_wconf 91' lang='lat' dir='ltr'>ita</span> <span class='ocrx_word' id='word_1_137' title='bbox 918 2594 1000 2677; x_wconf 92' lang='lat' dir='ltr'>quod</span> <span class='ocrx_word' id='word_1_138' title='bbox 1028 2595 1125 2658; x_wconf 84' lang='lat' dir='ltr'>abbas</span> <span class='ocrx_word' id='word_1_139' title='bbox 1154 2601 1266 2658; x_wconf 90' lang='lat' dir='ltr'>terram</span> 
     </span>
     <span class='ocr_line' id='line_1_20' title="bbox 265 2704 1267 2789; baseline 0.002 -22"><span class='ocrx_word' id='word_1_140' title='bbox 265 2705 352 2770; x_wconf 89' lang='lat' dir='ltr'>illam</span> <span class='ocrx_word' id='word_1_141' title='bbox 376 2706 404 2771; x_wconf 91' lang='lat' dir='ltr'>ei</span> <span class='ocrx_word' id='word_1_142' title='bbox 427 2705 661 2770; x_wconf 85' lang='lat' dir='ltr'>warrantizabit</span> <span class='ocrx_word' id='word_1_143' title='bbox 672 2732 681 2782; x_wconf 87' lang='lat'>;</span> <span class='ocrx_word' id='word_1_144' title='bbox 718 2712 750 2769; x_wconf 90' lang='lat' dir='ltr'>et</span> <span class='ocrx_word' id='word_1_145' title='bbox 775 2705 925 2789; x_wconf 75' lang='lat' dir='ltr'>praefatus</span> <span class='ocrx_word' id='word_1_146' title='bbox 949 2704 1129 2769; x_wconf 88' lang='lat' dir='ltr'>Willelmus</span> <span class='ocrx_word' id='word_1_147' title='bbox 1149 2706 1267 2789; x_wconf 74' lang='lat' dir='ltr'>&#39;llrrpin</span> 
     </span>
     <span class='ocr_line' id='line_1_21' title="bbox 218 2813 1267 2902; baseline -0.001 -20"><span class='ocrx_word' id='word_1_148' title='bbox 218 2813 223 2824; x_wconf 57' lang='lat'><strong>⁹</strong></span> <span class='ocrx_word' id='word_1_149' title='bbox 264 2823 365 2882; x_wconf 87' lang='lat' dir='ltr'>totam</span> <span class='ocrx_word' id='word_1_150' title='bbox 386 2824 503 2883; x_wconf 88' lang='lat' dir='ltr'>terram</span> <span class='ocrx_word' id='word_1_151' title='bbox 533 2840 628 2902; x_wconf 91' lang='lat' dir='ltr'>quam</span> <span class='ocrx_word' id='word_1_152' title='bbox 655 2816 813 2881; x_wconf 85' lang='lat' dir='ltr'>clamabat</span> <span class='ocrx_word' id='word_1_153' title='bbox 835 2817 868 2880; x_wconf 92' lang='lat' dir='ltr'>in</span> <span class='ocrx_word' id='word_1_154' title='bbox 889 2817 1108 2882; x_wconf 89' lang='lat' dir='ltr'>Dumbeltuna</span> <span class='ocrx_word' id='word_1_155' title='bbox 1129 2817 1267 2901; x_wconf 85' lang='lat' dir='ltr'>quietam</span> 
     </span>
     <span class='ocr_line' id='line_1_22' title="bbox 264 2928 1267 3007; baseline 0 -13"><span class='ocrx_word' id='word_1_156' title='bbox 264 2929 412 2994; x_wconf 87' lang='lat' dir='ltr'>clamavit</span> <span class='ocrx_word' id='word_1_157' title='bbox 422 2930 554 2994; x_wconf 76' lang='lat' dir='ltr'>ecelesia</span> <span class='ocrx_word' id='word_1_158' title='bbox 566 2931 603 2995; x_wconf 91' lang='lat' dir='ltr'>de</span> <span class='ocrx_word' id='word_1_159' title='bbox 614 2928 830 3007; x_wconf 86' lang='lat' dir='ltr'>Abbendonia,</span> <span class='ocrx_word' id='word_1_160' title='bbox 840 2935 874 2993; x_wconf 87' lang='lat' dir='ltr'>et</span> <span class='ocrx_word' id='word_1_161' title='bbox 883 2929 1117 2992; x_wconf 85' lang='lat' dir='ltr'>warrantizabit</span> <span class='ocrx_word' id='word_1_162' title='bbox 1134 2929 1219 2992; x_wconf 90' lang='lat' dir='ltr'>illam</span> <span class='ocrx_word' id='word_1_163' title='bbox 1229 2930 1267 2994; x_wconf 90' lang='lat' dir='ltr'>de</span> 
     </span>
     <span class='ocr_line' id='line_1_23' title="bbox 265 3039 1267 3125; baseline -0.001 -20"><span class='ocrx_word' id='word_1_164' title='bbox 265 3041 351 3105; x_wconf 91' lang='lat' dir='ltr'>omni</span> <span class='ocrx_word' id='word_1_165' title='bbox 376 3041 536 3125; x_wconf 79' lang='lat' dir='ltr'>parentela</span> <span class='ocrx_word' id='word_1_166' title='bbox 554 3064 619 3120; x_wconf 89' lang='lat' dir='ltr'>sna,</span> <span class='ocrx_word' id='word_1_167' title='bbox 641 3047 674 3106; x_wconf 85' lang='lat' dir='ltr'>et</span> <span class='ocrx_word' id='word_1_168' title='bbox 693 3046 802 3104; x_wconf 90' lang='lat' dir='ltr'>contra</span> <span class='ocrx_word' id='word_1_169' title='bbox 821 3046 921 3104; x_wconf 87' lang='lat' dir='ltr'>totam</span> <span class='ocrx_word' id='word_1_170' title='bbox 946 3039 1127 3124; x_wconf 85' lang='lat' dir='ltr'>progeniem</span> <span class='ocrx_word' id='word_1_171' title='bbox 1156 3040 1267 3120; x_wconf 73' lang='lat' dir='ltr'>Heliae,</span> 
     </span>
     <span class='ocr_line' id='line_1_24' title="bbox 264 3152 1266 3237; baseline -0.001 -20"><span class='ocrx_word' id='word_1_172' title='bbox 264 3176 320 3237; x_wconf 88' lang='lat' dir='ltr'>per</span> <span class='ocrx_word' id='word_1_173' title='bbox 347 3176 440 3237; x_wconf 89' lang='lat' dir='ltr'>quem</span> <span class='ocrx_word' id='word_1_174' title='bbox 469 3154 535 3237; x_wconf 91' lang='lat' dir='ltr'>ipse</span> <span class='ocrx_word' id='word_1_175' title='bbox 556 3152 732 3231; x_wconf 80' lang='lat' dir='ltr'>clamabat3</span> <span class='ocrx_word' id='word_1_176' title='bbox 759 3157 792 3216; x_wconf 90' lang='lat' dir='ltr'>et</span> <span class='ocrx_word' id='word_1_177' title='bbox 815 3152 841 3214; x_wconf 91' lang='lat' dir='ltr'>si</span> <span class='ocrx_word' id='word_1_178' title='bbox 865 3174 934 3216; x_wconf 91' lang='lat' dir='ltr'>eam</span> <span class='ocrx_word' id='word_1_179' title='bbox 962 3152 1180 3216; x_wconf 81' lang='lat' dir='ltr'>warrantizare</span> <span class='ocrx_word' id='word_1_180' title='bbox 1203 3176 1266 3217; x_wconf 91' lang='lat' dir='ltr'>non</span> 
     </span>
     <span class='ocr_line' id='line_1_25' title="bbox 264 3262 1267 3348; baseline 0.001 -22"><span class='ocrx_word' id='word_1_181' title='bbox 264 3264 380 3348; x_wconf 81' lang='lat' dir='ltr'>poterit</span> <span class='ocrx_word' id='word_1_182' title='bbox 406 3265 481 3348; x_wconf 89' lang='lat' dir='ltr'>(ipse</span> <span class='ocrx_word' id='word_1_183' title='bbox 511 3263 656 3328; x_wconf 86' lang='lat' dir='ltr'>videlieet</span> <span class='ocrx_word' id='word_1_184' title='bbox 682 3262 731 3327; x_wconf 91' lang='lat' dir='ltr'>vel</span> <span class='ocrx_word' id='word_1_185' title='bbox 754 3262 815 3346; x_wconf 80' lang='lat' dir='ltr'>sui)</span> <span class='ocrx_word' id='word_1_186' title='bbox 846 3262 974 3327; x_wconf 89' lang='lat' dir='ltr'>ecclesia</span> <span class='ocrx_word' id='word_1_187' title='bbox 997 3263 1035 3328; x_wconf 92' lang='lat' dir='ltr'>de</span> <span class='ocrx_word' id='word_1_188' title='bbox 1058 3263 1267 3328; x_wconf 87' lang='lat' dir='ltr'>Abbendonia</span> 
     </span>
    </p>
   </div>
   <div class='ocr_carea' id='block_1_5' title="bbox 264 3374 1385 3460">
    <p class='ocr_par' dir='ltr' id='par_1_5' title="bbox 264 3374 1385 3460">
     <span class='ocr_line' id='line_1_26' title="bbox 264 3374 1385 3460; baseline 0.003 -23"><span class='ocrx_word' id='word_1_189' title='bbox 264 3374 392 3458; x_wconf 89' lang='lat' dir='ltr'>recipiet</span> <span class='ocrx_word' id='word_1_190' title='bbox 406 3383 521 3439; x_wconf 90' lang='lat' dir='ltr'>terram</span> <span class='ocrx_word' id='word_1_191' title='bbox 537 3398 625 3438; x_wconf 90' lang='lat' dir='ltr'>suam</span> <span class='ocrx_word' id='word_1_192' title='bbox 637 3375 675 3438; x_wconf 92' lang='lat' dir='ltr'>de</span> <span class='ocrx_word' id='word_1_193' title='bbox 696 3374 853 3438; x_wconf 89' lang='lat' dir='ltr'>Fenchote</span> <span class='ocrx_word' id='word_1_194' title='bbox 873 3374 1003 3440; x_wconf 87' lang='lat' dir='ltr'>liberam</span> <span class='ocrx_word' id='word_1_195' title='bbox 1021 3380 1054 3439; x_wconf 92' lang='lat' dir='ltr'>et</span> <span class='ocrx_word' id='word_1_196' title='bbox 1074 3375 1213 3460; x_wconf 82' lang='lat' dir='ltr'>quietam</span> <span class='ocrx_word' id='word_1_197' title='bbox 1229 3376 1266 3440; x_wconf 90' lang='lat' dir='ltr'>de</span> <span class='ocrx_word' id='word_1_198' title='bbox 1382 3394 1385 3402; x_wconf 90' lang='grc'><strong>’</strong></span> 
     </span>
    </p>
   </div>
   <div class='ocr_carea' id='block_1_6' title="bbox 263 3484 1267 4346">
    <p class='ocr_par' dir='ltr' id='par_1_6' title="bbox 263 3484 1267 4346">
     <span class='ocr_line' id='line_1_27' title="bbox 265 3484 1266 3571; baseline 0.002 -22"><span class='ocrx_word' id='word_1_199' title='bbox 265 3484 425 3549; x_wconf 91' lang='lat' dir='ltr'>Willelmo</span> <span class='ocrx_word' id='word_1_200' title='bbox 452 3493 484 3550; x_wconf 92' lang='lat' dir='ltr'>et</span> <span class='ocrx_word' id='word_1_201' title='bbox 510 3485 584 3565; x_wconf 90' lang='lat' dir='ltr'>suis,</span> <span class='ocrx_word' id='word_1_202' title='bbox 612 3486 694 3549; x_wconf 85' lang='lat' dir='ltr'>sieut</span> <span class='ocrx_word' id='word_1_203' title='bbox 721 3485 963 3571; x_wconf 85' lang='lat' dir='ltr'>chirographum</span> <span class='ocrx_word' id='word_1_204' title='bbox 996 3486 1069 3550; x_wconf 90' lang='lat' dir='ltr'>inde</span> <span class='ocrx_word' id='word_1_205' title='bbox 1097 3486 1181 3550; x_wconf 85' lang='lat' dir='ltr'>inter</span> <span class='ocrx_word' id='word_1_206' title='bbox 1214 3510 1266 3551; x_wconf 88' lang='lat' dir='ltr'>eos</span> 
     </span>
     <span class='ocr_line' id='line_1_28' title="bbox 264 3596 1266 3674; baseline 0.002 -15"><span class='ocrx_word' id='word_1_207' title='bbox 264 3596 396 3674; x_wconf 86' lang='lat' dir='ltr'>facturn,</span> <span class='ocrx_word' id='word_1_208' title='bbox 415 3602 447 3660; x_wconf 88' lang='lat' dir='ltr'>et</span> <span class='ocrx_word' id='word_1_209' title='bbox 468 3603 554 3660; x_wconf 86' lang='lat' dir='ltr'>carta</span> <span class='ocrx_word' id='word_1_210' title='bbox 576 3596 699 3660; x_wconf 85' lang='lat' dir='ltr'>abbatis</span> <span class='ocrx_word' id='word_1_211' title='bbox 722 3602 754 3660; x_wconf 88' lang='lat' dir='ltr'>et</span> <span class='ocrx_word' id='word_1_212' title='bbox 769 3603 952 3674; x_wconf 90' lang='lat' dir='ltr'>conventus,</span> <span class='ocrx_word' id='word_1_213' title='bbox 968 3603 1113 3661; x_wconf 88' lang='lat' dir='ltr'>testatur.</span> <span class='ocrx_word' id='word_1_214' title='bbox 1160 3598 1266 3662; x_wconf 81' lang='lat' dir='ltr'>Quare</span> 
     </span>
     <span class='ocr_line' id='line_1_29' title="bbox 264 3705 1266 3790; baseline 0 -19"><span class='ocrx_word' id='word_1_215' title='bbox 264 3705 335 3771; x_wconf 88' lang='lat' dir='ltr'>volo</span> <span class='ocrx_word' id='word_1_216' title='bbox 350 3712 383 3770; x_wconf 85' lang='lat' dir='ltr'>et</span> <span class='ocrx_word' id='word_1_217' title='bbox 404 3707 537 3771; x_wconf 89' lang='lat' dir='ltr'>firmiter</span> <span class='ocrx_word' id='word_1_218' title='bbox 559 3706 704 3790; x_wconf 77' lang='lat' dir='ltr'>praecipio</span> <span class='ocrx_word' id='word_1_219' title='bbox 727 3707 812 3790; x_wconf 92' lang='lat' dir='ltr'>quod</span> <span class='ocrx_word' id='word_1_220' title='bbox 826 3708 908 3771; x_wconf 89' lang='lat' dir='ltr'>idem</span> <span class='ocrx_word' id='word_1_221' title='bbox 924 3707 1106 3773; x_wconf 89' lang='lat' dir='ltr'>Willelmus</span> <span class='ocrx_word' id='word_1_222' title='bbox 1126 3708 1266 3790; x_wconf 75' lang='lat' dir='ltr'>&#39;l&#39;urpine</span> 
     </span>
     <span class='ocr_line' id='line_1_30' title="bbox 263 3816 1267 3900; baseline 0.001 -18"><span class='ocrx_word' id='word_1_223' title='bbox 263 3824 296 3882; x_wconf 89' lang='lat' dir='ltr'>et</span> <span class='ocrx_word' id='word_1_224' title='bbox 312 3818 438 3882; x_wconf 90' lang='lat' dir='ltr'>heredes</span> <span class='ocrx_word' id='word_1_225' title='bbox 461 3817 510 3880; x_wconf 91' lang='lat' dir='ltr'>sui</span> <span class='ocrx_word' id='word_1_226' title='bbox 526 3816 707 3900; x_wconf 86' lang='lat' dir='ltr'>praedictam</span> <span class='ocrx_word' id='word_1_227' title='bbox 723 3823 841 3881; x_wconf 87' lang='lat' dir='ltr'>terram</span> <span class='ocrx_word' id='word_1_228' title='bbox 856 3818 893 3883; x_wconf 88' lang='lat' dir='ltr'>de</span> <span class='ocrx_word' id='word_1_229' title='bbox 911 3819 1070 3883; x_wconf 82' lang='lat' dir='ltr'>Fenchota</span> <span class='ocrx_word' id='word_1_230' title='bbox 1081 3819 1219 3883; x_wconf 88' lang='lat' dir='ltr'>habeant</span> <span class='ocrx_word' id='word_1_231' title='bbox 1233 3825 1267 3883; x_wconf 89' lang='lat' dir='ltr'>et</span> 
     </span>
     <span class='ocr_line' id='line_1_31' title="bbox 264 3926 1266 4006; baseline -0.001 -12"><span class='ocrx_word' id='word_1_232' title='bbox 264 3935 395 3994; x_wconf 84' lang='lat' dir='ltr'>teneant</span> <span class='ocrx_word' id='word_1_233' title='bbox 409 3929 442 3992; x_wconf 96' lang='lat' dir='ltr'>in</span> <span class='ocrx_word' id='word_1_234' title='bbox 459 3928 549 3992; x_wconf 88' lang='lat' dir='ltr'>feudo</span> <span class='ocrx_word' id='word_1_235' title='bbox 565 3933 597 3992; x_wconf 92' lang='lat' dir='ltr'>et</span> <span class='ocrx_word' id='word_1_236' title='bbox 609 3926 794 4005; x_wconf 88' lang='lat' dir='ltr'>hereditate,</span> <span class='ocrx_word' id='word_1_237' title='bbox 805 3928 981 3992; x_wconf 84' lang='lat' dir='ltr'>deecclesia</span> <span class='ocrx_word' id='word_1_238' title='bbox 995 3928 1033 3994; x_wconf 92' lang='lat' dir='ltr'>de</span> <span class='ocrx_word' id='word_1_239' title='bbox 1046 3929 1266 4006; x_wconf 84' lang='lat' dir='ltr'>Abbendonia,</span> 
     </span>
     <span class='ocr_line' id='line_1_32' title="bbox 264 4038 1265 4124; baseline -0.002 -19"><span class='ocrx_word' id='word_1_240' title='bbox 264 4041 356 4105; x_wconf 90' lang='lat' dir='ltr'>etde</span> <span class='ocrx_word' id='word_1_241' title='bbox 382 4039 495 4103; x_wconf 90' lang='lat' dir='ltr'>abbate</span> <span class='ocrx_word' id='word_1_242' title='bbox 520 4047 552 4104; x_wconf 92' lang='lat' dir='ltr'>et</span> <span class='ocrx_word' id='word_1_243' title='bbox 576 4038 804 4102; x_wconf 87' lang='lat' dir='ltr'>successoribus</span> <span class='ocrx_word' id='word_1_244' title='bbox 831 4038 905 4116; x_wconf 85' lang='lat' dir='ltr'>suis,</span> <span class='ocrx_word' id='word_1_245' title='bbox 928 4062 982 4123; x_wconf 88' lang='lat' dir='ltr'>per</span> <span class='ocrx_word' id='word_1_246' title='bbox 1002 4039 1186 4124; x_wconf 69' lang='lat' dir='ltr'>praedictum</span> <span class='ocrx_word' id='word_1_247' title='bbox 1204 4063 1265 4104; x_wconf 90' lang='lat' dir='ltr'>ser·</span> 
     </span>
     <span class='ocr_line' id='line_1_33' title="bbox 263 4148 1264 4234; baseline 0 -20"><span class='ocrx_word' id='word_1_248' title='bbox 263 4151 389 4230; x_wconf 90' lang='lat' dir='ltr'>vitium,</span> <span class='ocrx_word' id='word_1_249' title='bbox 399 4152 477 4216; x_wconf 89' lang='lat' dir='ltr'>bene</span> <span class='ocrx_word' id='word_1_250' title='bbox 489 4157 521 4214; x_wconf 88' lang='lat' dir='ltr'>et</span> <span class='ocrx_word' id='word_1_251' title='bbox 530 4151 563 4213; x_wconf 86' lang='lat' dir='ltr'>in</span> <span class='ocrx_word' id='word_1_252' title='bbox 573 4172 659 4234; x_wconf 89' lang='lat' dir='ltr'>pace,</span> <span class='ocrx_word' id='word_1_253' title='bbox 669 4149 764 4214; x_wconf 89' lang='lat' dir='ltr'>libere</span> <span class='ocrx_word' id='word_1_254' title='bbox 774 4156 806 4214; x_wconf 89' lang='lat' dir='ltr'>et</span> <span class='ocrx_word' id='word_1_255' title='bbox 815 4148 930 4233; x_wconf 88' lang='lat' dir='ltr'>quiete,</span> <span class='ocrx_word' id='word_1_256' title='bbox 939 4150 1061 4234; x_wconf 83' lang='lat' dir='ltr'>integre</span> <span class='ocrx_word' id='word_1_257' title='bbox 1073 4157 1105 4214; x_wconf 89' lang='lat' dir='ltr'>et</span> <span class='ocrx_word' id='word_1_258' title='bbox 1117 4151 1264 4234; x_wconf 86' lang='lat' dir='ltr'>plenarie,</span> 
     </span>
     <span class='ocr_line' id='line_1_34' title="bbox 263 4260 1264 4346; baseline -0.001 -22"><span class='ocrx_word' id='word_1_259' title='bbox 263 4267 295 4325; x_wconf 91' lang='lat' dir='ltr'>et</span> <span class='ocrx_word' id='word_1_260' title='bbox 310 4262 489 4340; x_wconf 88' lang='lat' dir='ltr'>honorifice,</span> <span class='ocrx_word' id='word_1_261' title='bbox 504 4263 537 4325; x_wconf 92' lang='lat' dir='ltr'>in</span> <span class='ocrx_word' id='word_1_262' title='bbox 553 4261 646 4326; x_wconf 89' lang='lat' dir='ltr'>bosco</span> <span class='ocrx_word' id='word_1_263' title='bbox 667 4269 699 4325; x_wconf 90' lang='lat' dir='ltr'>et</span> <span class='ocrx_word' id='word_1_264' title='bbox 721 4261 825 4346; x_wconf 86' lang='lat' dir='ltr'>plano,</span> <span class='ocrx_word' id='word_1_265' title='bbox 842 4260 875 4323; x_wconf 94' lang='lat' dir='ltr'>in</span> <span class='ocrx_word' id='word_1_266' title='bbox 899 4261 996 4344; x_wconf 89' lang='lat' dir='ltr'>pratis</span> <span class='ocrx_word' id='word_1_267' title='bbox 1019 4267 1052 4326; x_wconf 89' lang='lat' dir='ltr'>et</span> <span class='ocrx_word' id='word_1_268' title='bbox 1068 4262 1215 4344; x_wconf 86' lang='lat' dir='ltr'>pasturis,</span> <span class='ocrx_word' id='word_1_269' title='bbox 1230 4262 1264 4323; x_wconf 94' lang='lat' dir='ltr'>in</span> 
     </span>
    </p>
   </div>
   <div class='ocr_carea' id='block_1_7' title="bbox 0 0 1504 4972">
    <p class='ocr_par' dir='ltr' id='par_1_7' title="bbox 0 0 1504 4972">
     <span class='ocr_line' id='line_1_35' title="bbox 0 0 1504 4972; baseline 0 2"><span class='ocrx_word' id='word_1_270' title='bbox 0 0 1504 4972; x_wconf 95' lang='lat' dir='ltr'> </span> 
     </span>
    </p>
   </div>
  </div>
 </body>
</html>
