3000 4972
244 554 262 613 6
489 572 622 615 raucius
646 570 992 616 nunno-nonusnnrcn.

243 728 276 786 et
300 722 447 808 antiquas
473 722 608 787 ecclcsiae
633 745 695 786 suae
721 729 819 787 terras
843 722 958 785 multas
985 722 1044 786 sibi
1070 721 1175 786 deesse
1198 719 1246 783 in-

242 832 374 912 veniret,
389 840 423 897 et
438 856 565 897 suorum
589 832 787 916 negligentia
808 839 1038 897 antecessorum
1056 832 1125 895 illas
1140 831 1246 895 distri-

243 943 336 1007 butas
345 948 440 1027 atque
449 943 617 1007 distractas
627 943 721 1006 fuisse
731 943 904 1026 reperisset,
914 942 1085 1024 diligenter
1096 941 1248 1026 inquisita

245 1059 277 1118 et
302 1054 380 1118 bene
406 1054 536 1138 cognita
560 1054 703 1133 veritate,
720 1076 826 1137 regem
852 1076 947 1137 quam
970 1053 1064 1117 citius
1086 1052 1193 1136 potuit
1215 1058 1248 1116 et

244 1187 307 1228 non
322 1166 412 1250 pigre
428 1166 501 1229 inde
517 1165 690 1250 requisivit.
737 1165 888 1249 Praecepit
903 1187 978 1250 ergo
991 1188 1043 1229 rex
1058 1165 1247 1229 comitatum

245 1281 351 1339 totum
381 1276 498 1360 absque
528 1299 615 1340 mora
644 1275 803 1340 considete
836 1282 870 1339 et
907 1275 1049 1339 homines
1078 1275 1248 1340 comitatus

245 1409 353 1451 omnes
384 1388 596 1470 Francigenas
625 1393 658 1451 et
687 1387 840 1471 praecipue
878 1386 1001 1470 Anglos
1038 1387 1072 1449 in
1110 1385 1249 1470 antiquis

244 1497 367 1581 legibus
389 1503 421 1563 et
443 1499 723 1563 consuetudinibus
747 1500 863 1583 peritos
889 1499 922 1562 iu
950 1522 1049 1562 unum
1073 1498 1247 1563 convenire.

247 1607 409 1673 Quicum
432 1615 648 1674 convenerunt
662 1609 745 1693 apud
770 1609 985 1674 Pinendcnam
1008 1633 1116 1673 omncs
1131 1610 1249 1692 pariter

246 1720 463 1786 consederunt.
509 1723 553 1785 Et
568 1722 716 1806 quoniam
736 1721 838 1784 multa
852 1721 968 1805 placita
988 1721 1026 1785 de
1048 1721 1248 1784 diratiocina-

246 1829 385 1894 tionibus
416 1838 568 1895 terrarum
599 1838 632 1896 ct
658 1832 751 1895 verba
775 1832 812 1895 de
839 1831 1116 1896 consuctudinibus
1141 1831 1249 1914 legum

245 1940 328 2004 iuter
357 1941 623 2026 archiepiscopum
653 1946 687 2005 et
721 1941 904 2025 praedictum
936 1942 1138 2005 Baiocensem
1168 1941 1249 2023 epis-

245 2071 360 2134 copum
390 2051 435 2113 ibi
466 2057 677 2129 surrexerunt,
707 2056 741 2115 et
769 2051 866 2114 etiam
897 2051 981 2115 inter
1009 2050 1249 2115 consuetudines

246 2159 367 2243 regales
382 2167 414 2224 et
437 2160 712 2244 archiepiscopales
735 2184 802 2245 quar
827 2161 929 2244 prima
952 2161 1003 2224 dic
1030 2160 1169 2243 expediri
1185 2182 1248 2223 non

246 2277 427 2354 potuerunt,
443 2293 479 2335 ea
502 2293 604 2349 causa,
621 2277 707 2335 totus
729 2270 900 2335 comitatus
923 2294 979 2355 per
1002 2278 1066 2335 tres
1092 2271 1158 2334 dies
1185 2271 1246 2334 suit

245 2380 290 2445 ibi
317 2381 474 2445 detentus
520 2383 560 2445 In
586 2382 649 2446 illis
674 2382 776 2446 tribus
806 2382 916 2447 diebus
941 2382 1177 2446 diratiocinavit
1204 2382 1248 2444 ibi

247 2492 445 2557 Lanfrancus
467 2493 715 2577 archiepiscopus
737 2493 842 2577 plures
864 2499 963 2558 terras
981 2516 1058 2578 quas
1080 2500 1158 2557 tunc
1180 2493 1246 2577 ipse

245 2603 409 2688 episcopus
425 2611 457 2668 ct
471 2604 614 2668 homines
629 2605 678 2668 sui
692 2612 876 2685 tenuerunt,
887 2605 1043 2683 videlicet,
1055 2606 1248 2670 llerebcrtus

245 2714 331 2778 filius
369 2715 489 2796 Ivonis,
520 2715 675 2780 Turoldns
704 2715 743 2780 de
773 2716 984 2794 Roveccstria,
1023 2716 1180 2779 Radulfus
1210 2716 1248 2779 dc

247 2828 352 2890 Curva
383 2827 492 2910 Spina,
528 2826 627 2909 Hugo
657 2826 695 2890 de
725 2827 838 2890 Monte
870 2826 969 2905 Foru,
989 2849 1071 2891 cum
1102 2827 1249 2891 omnibus

245 2938 526 3002 consuetudinibus
551 2944 585 3002 et
610 2938 702 3002 rebus
732 2960 800 3022 qua
830 2938 871 3001 ad
900 2939 1024 3001 easdem
1054 2943 1153 3002 terras
1179 2961 1248 3022 pcr-

246 3048 413 3126 tinebant3
441 3048 559 3112 scilicet
584 3048 724 3126 Rutulis,
751 3048 907 3125 Sandwic,
932 3047 1109 3130 Rateburg,
1133 3049 1248 3112 Wedc·

245 3174 334 3235 tune,
368 3157 600 3221 Monastcrium
635 3158 673 3221 de
705 3157 860 3239 hunning
896 3180 967 3220 curn
991 3158 1083 3221 terris
1113 3162 1145 3221 et
1176 3180 1248 3220 con·

247 3269 465 3333 suetudiuibus
505 3269 544 3331 ad
590 3268 693 3352 ipsum
731 3268 964 3333 Monastcrium
1003 3268 1248 3352 pertinentibus,

249 3379 400 3443 Saltvude
429 3402 502 3443 cum
530 3380 632 3462 burgo
664 3380 770 3444 Hethe
800 3380 840 3443 ad
877 3379 1031 3443 Saltvudc
1060 3379 1248 3463 pertinente,

249 3492 426 3574 Langport‚
445 3490 672 3569 Hiwendcnne,
690 3489 847 3573 Rokinge,
871 3489 1034 3574 Detliugc,
1058 3490 1248 3572 Prostitunc‚

249 3602 485 3681 Sundcrhcrste,
509 3603 677 3680 Carhethc,
700 3602 892 3686 Orpintune,
915 3602 1091 3681 Eincsford‚
1115 3610 1249 3686 quatuor

248 3713 428 3800 praebendas
446 3713 576 3792 Broche,
591 3715 631 3779 dc
651 3714 857 3793 Niwentune,
874 3714 990 3777 Stohes
1004 3720 1037 3778 ct
1052 3714 1246 3778 Devintunc.

247 3828 286 3891 In
310 3826 467 3904 Suthreia,
483 3827 609 3889 favente
630 3847 704 3908 rege
719 3825 903 3902 willielmo,
919 3823 1157 3889 diratiocinavit
1180 3825 1246 3909 ipse

247 3936 495 4020 archiepiscopus
511 3935 718 4000 Murtclache.
765 3938 806 4000 In
829 3935 999 3999 Lundonia
1022 3936 1248 4000 monasterium

249 4050 374 4129 Sanctae
398 4046 520 4125 Marisa,
545 4069 616 4111 cum
642 4047 734 4111 terris
760 4053 793 4111 et
816 4047 962 4111 domibus
987 4070 1067 4131 quas
1090 4047 1249 4131 Liviugus

246 4160 410 4244 presbyter
446 4166 479 4222 ct
514 4181 594 4221 uxor
628 4158 714 4221 illius
750 4158 950 4237 habuerunt;
992 4158 1024 4221 in
1064 4158 1248 4237 Midlcscxe,

249 4271 408 4354 Herghas‚
447 4269 578 4335 lleisam
590 4296 600 4348 ς
638 4269 671 4332 in
701 4269 990 4353 Bochingeamsirc,
1029 4269 1249 4351 Risebcrganr,
