3000 4972
658 570 767 616 unum
792 569 813 611 r.
1182 537 1242 600 lll

242 737 385 804 salutem.
431 733 515 796 'lenc
531 729 660 815 plenum
675 730 796 787 rectum
811 720 894 783 inter
908 715 1056 781 abbatem
1071 711 1111 774 do
1127 710 1244 773 Sancto

242 846 427 933 Augustino
463 848 496 908 et
533 841 617 904 inter
649 833 906 899 archidiaconum
933 827 970 891 de
996 821 1180 899 Cannam,
1206 818 1245 884 dc

242 956 456 1025 sacerdotibus
482 950 615 1018 abbatim
639 944 750 1011 Sancti
774 939 971 1026 Augustini;
1003 942 1041 999 ut
1071 933 1167 998 abbas
1200 931 1244 995 ita

238 1072 325 1156 justo
359 1065 474 1131 habeat
511 1057 752 1126 consuetudines
784 1074 856 1117 suas
891 1050 929 1114 de
953 1043 1146 1133 presbyteris
1170 1041 1246 1118 suis,

243 1183 325 1245 sicut
342 1176 526 1242 Scollandus
549 1172 646 1235 abbas
672 1166 783 1231 melius
808 1161 931 1226 habuit.
976 1161 1068 1223 'Peste
1085 1153 1245 1218 Haimone

243 1292 391 1376 dapifero,
407 1285 490 1371 apud
507 1275 839 1348 We'stmonastcrium.

452 1763 581 1843 [Anam
602 1782 642 1826 or
664 1765 854 1828 Aorucoou.
901 1764 1039 1845 llltl]¹

248 1895 317 1961 [The
333 1899 419 1962 kinga
435 1902 495 1949 urit
512 1901 696 1964 commanding
707 1902 766 1950 that
777 1902 823 1950 tho
833 1901 916 1966 abbey
927 1901 960 1951 bo
979 1904 1029 1964 put
1045 1900 1123 1964 again
1134 1899 1161 1947 in
1172 1898 1251 1948 aoisin

621 1978 650 2026 of
658 1979 758 2027 oartoln
769 1977 868 2043 landa]

251 2089 434 2168 Hrurrcus,
460 2113 515 2154 rex
541 2090 678 2175 Angliae,
706 2091 841 2175 Hugoni
865 2091 903 2156 dc
930 2091 1140 2169 Bochelanda,
1169 2091 1251 2155 salu·

249 2206 325 2265 tem.
370 2201 523 2285 Praecipio
538 2201 599 2266 tibi
614 2209 652 2267 ut
666 2224 717 2266 eas
733 2202 974 2282 Abbendonam,
989 2208 1022 2268 et
1047 2203 1086 2268 dc
1106 2201 1253 2266 omnibus

250 2312 342 2376 torris
356 2334 436 2396 quas
457 2312 646 2376 Modbcrtus
671 2313 759 2377 dedit
784 2314 834 2377 vel
857 2314 1016 2398 proestitit,
1033 2313 1083 2379 vel
1109 2312 1188 2378 emit
1213 2311 1253 2376 ab

250 2423 356 2508 aliquo
370 2430 404 2486 et
419 2423 506 2488 dedit
532 2422 596 2501 alii,
624 2423 766 2488 resaisias
792 2424 964 2504 ecclesiam,
989 2430 1022 2489 et
1046 2425 1132 2508 juste
1158 2423 1254 2487 facias

250 2534 365 2598 habero
381 2535 464 2598 sicut
478 2533 517 2597 de
534 2533 692 2599 Herberto
716 2535 896 2614 camerario,
912 2541 945 2600 ct
960 2535 1092 2599 Warino
1108 2534 1207 2612 calvo,
1222 2540 1255 2598 ct

251 2645 412 2723 Turstino,
427 2651 460 2709 et
488 2645 638 2730 Hugone,
654 2651 687 2710 et
713 2646 859 2710 omnibus
885 2645 967 2726 aliis,
983 2646 1029 2710 ita
1055 2667 1094 2709 ne
1119 2644 1256 2730 amplius

251 2755 325 2820 indo
360 2779 417 2840 pro
455 2757 533 2821 recti
567 2756 696 2841 penuria
732 2756 858 2820 audiam
884 2757 1062 2821 clamorem.
1108 2755 1255 2820 'Postibus

252 2870 428 2935 Willielmo
480 2869 664 2935 cancellario
712 2875 745 2934 et
794 2871 919 2954 Rogero
952 2869 1129 2954 capellan03
1172 2867 1255 2952 apud

253 2980 464 3046 Lundoniam.

408 3434 559 3516 [Roncar
574 3436 717 3498 Mirum
732 3456 757 3500 o.
774 3434 949 3501 Burcsruu.
996 3435 1123 3519 llltl.]²

256 3571 397 3637 [Bricctan
408 3587 425 3620 a
434 3586 494 3620 man
501 3572 531 3620 ol
539 3587 610 3622 aomo
622 3586 719 3633 means,
730 3572 828 3635 having
837 3573 943 3635 applied
953 3573 993 3622 for
1000 3573 1143 3624 admission
1151 3572 1207 3622 into
1214 3571 1260 3621 tho

320 3648 397 3697 order
408 3649 438 3697 ol
451 3647 544 3697 monim
555 3653 583 3696 at
595 3647 716 3711 Thornoy
727 3648 827 3711 Abboy,
839 3648 885 3698 tho
896 3647 953 3697 fact
963 3664 1051 3699 comes
1063 3654 1091 3698 to
1101 3649 1148 3698 tho
1158 3663 1217 3698 cara
1232 3646 1263 3697 ol

322 3726 420 3775 Robert
436 3725 541 3784 Malum,
552 3725 618 3773 with
635 3726 680 3774 tho
696 3724 829 3787 following
847 3726 945 3775 moult:
961 3727 1021 3786 vin,
1039 3725 1136 3775 Malart
1153 3738 1261 3775 woman

321 3804 376 3851 him
394 3802 480 3852 bosora
497 3802 542 3851 the
553 3801 645 3850 monim
662 3801 693 3851 of
705 3801 814 3861 crimoo3
831 3801 864 3851 hc
882 3802 905 3851 ia
922 3802 1036 3866 brought
1053 3806 1081 3851 ιο
1101 3803 1161 3851 trial
1173 3802 1261 3852 before

322 3879 408 3943 Ralph
420 3881 513 3929 Euocat
527 3877 584 3943 (tho
597 3876 740 3943 justicia),
752 3878 804 3927 and
815 3879 916 3940 abbots,
928 3880 1022 3941 clerks,
1034 3880 1086 3929 and
1097 3879 1197 3939 monka,
1209 3878 1261 3927 and

322 3957 345 4006 ia
356 3952 515 4020 convictod]

258 4072 399 4149 Auctio,
434 4075 472 4133 ut
508 4068 656 4147 diximus,
694 4091 818 4133 rumore
847 4069 989 4154 praedicti
1012 4069 1073 4134 viri
1098 4067 1262 4155 religionis

471 4206 480 4239 ¹
496 4206 513 4253 Ἃ
525 4204 596 4254 Hiat.
608 4205 677 4254 Mon.
689 4205 803 4269 Abingd.
815 4206 848 4255 86
859 4204 935 4269 (Boo
946 4205 1039 4269 Com).

471 4281 481 4313 ¹
499 4282 514 4329 3
527 4280 588 4330 om.
600 4281 679 4330 vital.
691 4280 739 4329 125
753 4280 867 4346 (Foench
878 4281 948 4331 Hist.
961 4281 1041 4344 Soa).
