3000 4972
640 575 750 619 asnar
773 576 808 620 11.
1162 560 1223 622 169

220 729 386 808 utramque
415 725 586 789 secundum
609 727 662 810 jus
689 728 812 810 regium
837 734 998 793 tractaret.
1044 729 1225 794 Viceeomes

222 860 304 917 vero,
342 859 447 900 amore
483 837 622 922 pecuniae
658 838 859 924 depravatus,
895 840 1000 923 justos
1036 863 1225 925 possessores

220 947 428 1031 depraedavit3
451 955 484 1012 et
513 938 699 1012 Turstinum
725 950 757 1012 in
789 973 822 1014 rc
850 973 914 1014 non
944 974 1011 1030 sua,
1034 951 1122 1036 quasi
1152 975 1225 1034 rege

219 1059 350 1142 jubente
365 1065 397 1122 et
411 1059 482 1142 jure
497 1059 647 1137 dictante,
663 1059 782 1144 injuste
798 1060 848 1141 (ut
864 1061 929 1145 ipsc
944 1068 1052 1146 postea
1067 1062 1225 1125 confessus

220 1171 280 1252 est)
298 1169 486 1234 introduxit.
509 1170 677 1233 Turstinus
692 1194 767 1254 ergo
782 1171 916 1235 saisatus
932 1194 963 1235 re
978 1195 1073 1256 quam
1086 1172 1224 1255 petebat,

220 1279 252 1342 id
281 1286 329 1343 cst
357 1279 483 1343 ecelesia
509 1279 546 1343 de
571 1281 747 1358 Marcham,
763 1288 795 1344 et
823 1283 891 1348 ΙΙΙ.
918 1283 1001 1346 hidis
1025 1282 1064 1346 ad
1090 1283 1224 1346 eandam

220 1391 460 1475 pertinentibus,
498 1399 531 1454 ct
567 1392 594 1455 Ι.
634 1391 666 1454 in
705 1391 897 1470 Middeltun,
935 1415 1000 1456 una
1036 1415 1159 1477 quoque
1189 1393 1224 1456 in
1308 1421 1312 1428 ¹

221 1502 404 1586 Appclford,
420 1508 529 1566 contra
550 1503 604 1586 jus
627 1502 869 1567 ecclesiasticum
888 1525 996 1586 agens,
1013 1526 1078 1567 rem
1094 1502 1223 1567 eandem

220 1613 366 1677 detinuit.
415 1613 475 1677 Sed
500 1636 563 1676 non
588 1613 709 1698 patitur
734 1614 820 1678 Deus
846 1614 927 1678 sicut
942 1615 1030 1698 justa
1045 1614 1089 1678 sie
1104 1615 1225 1697 injusta

221 1725 275 1788 diu
290 1725 469 1789 subsistere.

264 1835 383 1898 Eodem
413 1857 547 1918 namque
572 1857 656 1898 anno
679 1857 741 1918 quo
768 1856 816 1898 res
840 1834 972 1898 ecclesia
997 1835 1127 1916 invasit,
1151 1838 1222 1901 sse-

221 1947 343 2029 phanus
367 1968 423 2010 rex
450 1946 532 2009 diem
559 1945 649 2023 obiit,
665 1945 754 2029 cique
781 1945 813 2008 in
829 1969 927 2030 regno
945 1946 1102 2011 Henrious
1116 1947 1225 2031 junior

220 2058 377 2121 successit.
424 2058 527 2122 Quem
543 2057 692 2119 adeuntes
707 2056 745 2120 de
760 2058 1004 2141 congregatione
1020 2058 1142 2137 fratres,
1159 2081 1224 2123 rem

133 2150 136 2154 ⁴
218 2175 315 2254 prout
349 2174 416 2232 erat
449 2190 590 2253 perverse
615 2172 786 2231 tractatam
810 2174 1076 2247 monstraverunt,
1103 2169 1223 2254 suppli-

220 2286 326 2344 cantes
348 2285 514 2343 uteorum
545 2281 640 2362 justas
670 2279 799 2363 quercias
828 2302 935 2344 aurem
964 2281 1221 2346 accommodaret.

220 2390 430 2475 Adquieseens
442 2412 514 2452 vero
529 2413 585 2452 rex
599 2389 758 2467 fratribus,
774 2413 908 2474 quorum
929 2392 1051 2475 justam
1067 2390 1223 2475 querelam

219 2501 431 2586 deprehendit,
447 2500 541 2565 semel
555 2507 587 2564 et
603 2501 718 2564 iterum
743 2503 846 2565 missis
871 2503 997 2582 litteris,
1013 2505 1160 2587 praecepit
1186 2511 1224 2569 ut

219 2615 253 2676 in
269 2613 424 2677 comitatu
436 2613 631 2676 Berchescire
646 2635 738 2676 eausa
751 2614 916 2699 utriusque
934 2617 1079 2699 (ccclesiae
1094 2617 1222 2681 Ab'oen·

220 2724 501 2802 donensisscilicet,
511 2730 543 2788 et
554 2724 709 2801 Turstiui)
725 2724 757 2787 in
774 2725 874 2789 medio
889 2727 1089 2809 proferretur,
1102 2727 1223 2813 prolatu

219 2838 463 2914 examinaretur,
478 2836 658 2899 examinata
673 2834 721 2900 vel
737 2835 810 2898 hino
827 2836 874 2900 vel
890 2837 963 2901 inde
977 2839 1221 2901 terminaretur.¹

221 2949 281 3012 Sed
312 2949 490 3035 Turstinus,
514 2947 552 3010 de
581 2946 673 3031 eulpa
701 2947 761 3010 sibi
791 2947 942 3029 conscius,
967 2972 1051 3012 nuno
1074 2948 1223 3013 simulato

219 3060 302 3142 regis
332 3059 469 3142 negoti0,
501 3081 585 3121 nuno
613 3057 808 3139 infirmitate,
840 3081 926 3122 nunc
955 3060 1012 3123 hae
1048 3082 1133 3123 nuno
1169 3059 1222 3124 illa

219 3171 386 3247 occasione,
403 3193 456 3255 per
475 3169 638 3233 biennium
664 3175 696 3233 et
719 3192 755 3233 eo
778 3169 913 3254 amplius
938 3171 1107 3235 comitatus
1131 3178 1223 3236 caute

219 3282 423 3365 subterfugit.
469 3280 563 3345 Quod
608 3280 789 3363 intelligens
827 3281 930 3354 abbas,
978 3282 1092 3346 laboris
1127 3283 1223 3347 toties

253 3417 261 3449 ¹
279 3421 333 3469 Tho
346 3419 477 3481 following
494 3433 605 3481 appears
621 3421 649 3466 to
660 3419 692 3467 be
704 3419 750 3466 the
762 3419 821 3466 urit
830 3418 1006 3478 :-Heuricus,
1019 3435 1062 3467 rex
1072 3420 1181 3482 Angliae,
1194 3423 1222 3468 et

219 3502 271 3549 dux
283 3499 449 3548 Normanniae
459 3502 487 3545 et
499 3497 654 3559 Aquitaniae,
666 3503 694 3544 st
713 3511 799 3545 comos
810 3496 974 3559 andegavia,
986 3499 1097 3547 Rioardo
1113 3498 1145 3547 ds
1157 3499 1222 3548 Gan·

218 3578 297 3635 villis,
306 3575 450 3624 vicecomiti
458 3574 490 3622 de
498 3573 670 3631 Borohesoirn,
679 3574 796 3622 salutem.
831 3574 858 3621 si
870 3575 951 3624 abbas
962 3575 995 3622 de
1004 3575 1173 3624 abbandonia
1184 3576 1221 3623 in·

214 3657 287 3719 justo
298 3659 325 3703 et
337 3655 392 3703 sine
400 3653 497 3716 judicio
509 3652 664 3700 dissaisatus
675 3655 715 3700 ost
726 3651 758 3700 do
769 3656 840 3699 term
851 3667 897 3700 sua
914 3653 945 3700 de
964 3653 1133 3711 Merohehnm,
1146 3657 1174 3701 et
1190 3652 1223 3701 ds

218 3734 387 3787 Middeltona.
400 3735 427 3780 et
438 3731 470 3780 ds
482 3729 630 3792 Appolford‚
644 3734 707 3778 tunc
718 3730 839 3791 praecipio
856 3730 924 3792 quod
941 3746 1000 3778 eum
1012 3731 1070 3778 indo
1082 3731 1137 3779 sine
1158 3730 1221 3777 dila·

219 3812 289 3859 tione
305 3816 333 3858 et
345 3809 417 3872 juste
427 3808 563 3864 resaisias3
581 3811 609 3855 et
621 3810 710 3854 teneat
721 3807 759 3853 itu
770 3806 842 3862 beno,
855 3811 882 3853 et
893 3807 921 3852 in
932 3821 1004 3867 paco,
1017 3810 1044 3853 et
1058 3806 1138 3868 juste,
1152 3806 1221 3854 siout

218 3888 327 3937 eeclesia
338 3887 370 3933 de
381 3884 550 3934 Abbondouia
560 3883 652 3931 molius
663 3897 720 3930 eam
732 3883 818 3930 tenuit
838 3887 954 3943 temporo
972 3882 1077 3929 Hsnrioi
1090 3881 1166 3943 rogis,
1179 3881 1222 3928 avi

218 3965 268 4012 mei
279 3987 285 4021 ς
303 3968 330 4011 et
341 3963 445 4019 catalla,
457 3976 515 4023 quae
526 3961 554 4006 in
565 3963 635 4007 terra
646 3958 692 4006 illa
702 3958 797 4020 injuste
808 3958 896 4006 ablata
908 3960 977 4024 sunt,
985 3957 1057 4020 justo
1068 3957 1106 4005 eis
1114 3956 1221 4004 reddere

219 4043 299 4091 facias
308 4041 330 4100 ;¹
349 4045 377 4088 et
388 4040 438 4088 nisi
450 4038 550 4096 seceris,
558 4037 664 4099 justitia
682 4051 740 4084 moa
752 4036 830 4084 faciat
847 4034 911 4082 fieri.
944 4035 1022 4083 Teste
1039 4035 1133 4082 comite
1145 4033 1220 4095 Regi·

192 4167 197 4176 ,
218 4120 311 4178 nardo,
329 4117 398 4181 apud
407 4116 589 4166 windesoram.
610 4113 625 4159 2
638 4114 707 4161 Hist.
720 4113 789 4160 Mon.
797 4112 830 4160 dc
842 4111 955 4174 Abingd.
967 4113 1016 4159 223
1028 4110 1099 4174 (Rso.
1113 4110 1204 4171 Gom).

611 4293 617 4323 ¹
638 4289 725 4336 Mesae
736 4287 835 4349 profits.
