3000 4972
305 527 367 591 1⁷0
552 544 686 590 amorra
708 545 1056 593 nunno-nonnarum.

303 696 407 763 inanis
430 697 558 781 piguit;
581 703 614 761 et
637 697 807 781 assumptis
831 720 936 761 secum
960 698 1118 777 fratribus,
1134 699 1174 762 ad
1199 721 1307 783 regem

306 807 372 893 (qui
396 814 474 872 tuuc
497 808 581 892 apud
605 810 775 872 Wdcstoca
798 809 989 890 morabatur)
1020 809 1149 874 accessit
1161 833 1170 888 ;
1193 809 1307 873 obnixe

302 919 466 1005 postulans
494 925 533 983 ut
561 920 611 983 sui
639 921 797 998 misertus,
818 925 850 983 et
879 919 993 983 laboris
1023 926 1055 984 et
1084 943 1183 984 causac
1212 920 1306 984 finem

303 1031 487 1114 imponeret.
533 1029 660 1093 Annuit
690 1028 772 1092 illico
796 1051 850 1092 rex
863 1033 887 1106 ;1
911 1036 943 1092 et
969 1031 1147 1094 convocatis
1170 1031 1308 1115 justiciis

303 1142 378 1221 suis,
410 1140 563 1224 Gregorio
600 1138 718 1204 scilicet
743 1138 969 1218 lundoniensi,
995 1146 1027 1204 et
1052 1141 1212 1205 Willclmo
1240 1142 1306 1207 filio

304 1253 469 1330 Johannis,
494 1257 526 1315 et
550 1249 679 1334 Nigcllo
704 1250 741 1313 de
766 1251 893 1328 Brocco,
920 1250 1098 1334 caeterisque
1127 1253 1219 1316 crrriae
1243 1276 1306 1316 suoe

302 1363 505 1446 sapientibus,
530 1360 679 1446 praecepit
702 1368 740 1423 ut
764 1361 887 1425 abbatis
913 1368 945 1424 et
969 1362 1122 1442 Turstini,
1145 1365 1200 1447 qui
1227 1370 1306 1428 tunc

302 1475 418 1551 adsim,
435 1496 561 1537 causam
588 1478 782 1549 tractarent;
805 1495 942 1535 asserens
968 1473 1117 1557 quicquid
1140 1496 1233 1558 super
1248 1477 1306 1538 hoc

300 1592 383 1651 recte
396 1585 585 1669 judicarent,
601 1583 781 1647 inconcusso
795 1583 895 1647 teucri
909 1583 1026 1647 debere.
1073 1585 1149 1663 Qui,
1165 1586 1306 1670 inspecta

300 1698 345 1763 rei
356 1697 499 1775 veritate,
511 1694 733 1759 intellexerunt
745 1695 931 1758 Turstinum
947 1695 1158 1759 substantiam
1173 1695 1305 1760 ecclesiae

300 1809 421 1894 injuste
442 1807 624 1885 detinuisse,
649 1813 681 1869 et
706 1805 854 1869 abbatem
879 1829 935 1890 pro
960 1806 1018 1869 tali
1043 1806 1157 1871 damno
1183 1809 1304 1892 justam

301 1919 458 2006 querclam
482 1917 626 1982 movisse.
672 1916 734 1980 Sed
758 1917 902 2000 quamvis
917 1918 975 1980 hoc
994 1918 1118 1999 justum
1133 1925 1223 1997 essct,
1239 1941 1304 1982 non

300 2037 407 2095 tamen
432 2030 470 2093 dc
493 2052 525 2092 se
548 2027 779 2111 praesumebant
803 2034 841 2091 ut
864 2028 948 2091 hunc
972 2051 1004 2092 rc
1029 2051 1124 2112 quam
1147 2030 1305 2095 invaserat

301 2141 472 2227 privarent,
503 2139 564 2202 nisi
601 2138 688 2222 prius
725 2139 834 2202 audita
871 2138 910 2201 ab
940 2161 992 2202 ore
1022 2140 1109 2222 regio
1135 2142 1303 2206 sententia.

301 2252 458 2317 Dicebant
484 2250 598 2335 quippe
622 2248 752 2313 solidius
778 2272 866 2333 posse
891 2250 1057 2315 subsistere
1082 2251 1165 2336 quod
1191 2275 1229 2316 cx
1252 2275 1304 2318 ore

300 2364 388 2448 regio
403 2363 525 2447 prolata
545 2360 716 2425 auctoritas
736 2361 908 2423 studuerit²
924 2362 1116 2426 confirmare.
1160 2364 1301 2427 Nuntia-

300 2480 415 2539 vcrunt
430 2475 550 2537 interea
562 2472 685 2556 praefati
701 2471 761 2535 viri
775 2471 843 2555 regi
859 2471 897 2535 de
911 2472 1029 2555 judicio
1053 2473 1112 2536 sibi
1128 2474 1304 2554 commisso,

300 2586 376 2672 quid
406 2590 511 2648 actum
541 2589 633 2662 esset,
663 2588 786 2646 orantes
815 2587 854 2645 ut
883 2582 948 2666 ipsc
985 2582 1182 2648 voluntatem
1214 2607 1303 2649 suam

299 2698 397 2763 idem³
413 2697 458 2761 eis
472 2694 616 2780 aperiret.
662 2693 786 2759 Quibus
801 2694 947 2777 praecepit
963 2700 1001 2757 ut
1016 2717 1080 2758 non
1102 2695 1203 2758 solum
1219 2697 1304 2780 quod

299 2808 467 2874 Turstinus
492 2807 611 2890 injuste
635 2804 767 2889 adeptus
794 2803 897 2867 fuerat
913 2803 948 2866 in
970 2804 1144 2869 dominium
1170 2807 1303 2871 ecclesiae

298 2920 512 2998 reverterent,⁴
547 2939 656 2982 verum
702 2915 799 2980 etiam
845 2916 1014 2978 damnum⁶
1052 2917 1136 3000 quod
1172 2918 1303 2983 interim

332 3129 341 3160 ¹
359 3132 412 3180 The
423 3129 555 3191 following
566 3141 675 3190 appears
692 3130 720 3175 to
735 3127 768 3175 be
779 3126 823 3174 the
835 3127 896 3175 writ
905 3127 1084 3187 r-Henricna
1096 3144 1141 3177 rex
1153 3130 1263 3193 Anglias,
1275 3135 1304 3181 ct

298 3208 350 3258 dux
367 3206 534 3256 Normanniae
545 3208 573 3253 et
584 3204 739 3267 Aquitania,
752 3207 780 3251 et
791 3219 878 3252 comcs
890 3204 1055 3267 Andegavia‚
1068 3205 1101 3252 H.
1115 3205 1147 3254 de
1158 3206 1303 3256 Ozeneforu

298 3285 444 3334 moecomiti
456 3285 482 3331 et
493 3282 623 3329 ministris
635 3281 697 3340 suis,
710 3280 830 3328 salutem.
864 3281 990 3342 Praecipio
1001 3281 1074 3330 vobis
1081 3282 1150 3343 qnod
1161 3283 1184 3330 si
1195 3284 1303 3332 abbatia

298 3363 332 3411 de
343 3360 513 3411 abbendonie.
529 3360 625 3423 injuste
643 3359 794 3407 dissaisiata
811 3362 852 3407 cst
871 3359 903 3407 dc
920 3360 1029 3408 ccclesia
1049 3359 1080 3407 de
1093 3360 1258 3408 Merchcham
1274 3365 1302 3409 et

297 3438 464 3501 pertinentiis
481 3436 543 3494 suis,
561 3440 588 3483 ct
605 3435 636 3483 dc
648 3435 669 3483 Ι.
682 3435 744 3482 hida
760 3439 836 3483 terra)
847 3440 874 3483 ct
886 3435 993 3482 dimidia
1004 3436 1031 3483 in
1043 3436 1214 3495 Middcltuna,
1226 3442 1253 3485 st
1269 3439 1302 3487 de

297 3513 319 3562 I.
331 3513 393 3560 hida
403 3514 431 3560 in
442 3511 591 3573 Appslford,
603 3511 659 3560 sine
679 3511 803 3559 dilatione
821 3525 880 3560 eam
900 3511 960 3560 inde
980 3513 1130 3572 resaisistis,
1149 3517 1177 3561 et
1194 3515 1222 3561 in
1237 3529 1302 3576 paoc

297 3595 386 3641 tenere
398 3590 509 3648 faciatis,
520 3589 589 3637 sicut
600 3590 693 3637 melius
705 3590 792 3637 tenuit
803 3593 918 3650 tempore
931 3590 1038 3638 chrici
1047 3591 1124 3653 regis,
1136 3593 1180 3639 avi
1191 3593 1256 3651 mei3
1273 3596 1302 3641 et

297 3670 349 3720 nisi
366 3668 486 3728 feceritis,
500 3667 607 3731 justitia
622 3682 682 3715 mea
697 3667 784 3715 faciat.
817 3668 894 3716 Teste
905 3667 1009 3717 Warino
1028 3668 1081 3716 filio
1099 3669 1213 3729 Giroldi;
1231 3670 1301 3733 apud

297 3748 471 3798 Wdestocam.
504 3748 521 3794 2
533 3746 601 3794 Hist.
614 3747 683 3793 Mon.
695 3746 727 3793 de
739 3745 851 3808 Abingd.
864 3748 912 3794 222
926 3747 998 3808 (Rec.
1011 3747 1106 3807 Com).

329 3824 341 3859 ²
357 3824 485 3888 prolatam
497 3825 682 3872 auctoritatem
694 3823 868 3872 studuerint?

330 3901 342 3936 ⁸
358 3899 438 3949 inde?
1043 3901 1054 3933 ⁴
1072 3901 1267 3950 reverteretur?

329 3977 340 4009 ⁸
357 3976 447 4025 Mesnc
457 3976 550 4037 profits
561 3976 588 4024 in
600 3976 645 4025 the
657 3991 728 4025 same
740 3977 827 4025 action
838 3977 866 4025 in
877 3977 962 4026 which
977 3978 1023 4025 the
1036 3978 1099 4026 land
1115 3979 1139 4027 is
1154 3977 1299 4028 recovered.

298 4056 346 4107 See
367 4054 489 4114 Glanvill,
508 4055 553 4104 lib.
565 4056 605 4114 12,
624 4070 646 4104 c.
667 4055 772 4113 18;1b.
793 4055 838 4104 lib.
855 4057 895 4111 13,
914 4072 936 4104 0.
957 4056 996 4104 38.
1031 4056 1063 4103 In
1080 4057 1124 4104 the
1141 4056 1298 4105 last-named

296 4134 413 4197 chapter,
435 4133 557 4193 Glanvill,
577 4133 704 4195 speaking
722 4133 753 4181 ot
771 4134 817 4181 the
837 4134 1048 4196 recognitiones
1074 4136 1150 4184 novel
1169 4135 1298 4193 duseisin,

296 4225 357 4274 says
368 4229 374 4259 ε
387 4214 402 4237 “
410 4210 443 4259 In
454 4225 488 4259 no
498 4211 575 4259 other
585 4210 745 4272 recognition
754 4209 815 4259 does
823 4210 868 4259 the
876 4211 1015 4274 judgmsnt
1022 4210 1052 4258 cf
1059 4211 1104 4259 the
1111 4215 1186 4260 oonrt
1194 4210 1298 4273 usually

296 4288 371 4337 make
382 4301 435 4351 any
445 4288 561 4337 mention
573 4287 730 4349 concerning
740 4288 785 4336 the
797 4287 909 4339 chattels
920 4303 950 4336 or
960 4287 1063 4336 fruits.''
