3000 4972
327 570 389 632 15⁰
574 584 706 629 rancun
729 583 1078 631 suono-nonusrnucn.

371 761 500 849 [Assos
522 763 670 826 Guneus
691 784 716 826 s.
740 763 832 826 Euan
855 761 1005 826 Grunsur
1026 780 1093 827 nuo
1116 761 1243 842 Pausu,
1264 783 1285 826 n

680 872 801 936 Cnsnn.
847 873 980 957 1145.]¹

326 1034 491 1100 [Deposition
499 1035 529 1084 οἳ
537 1035 656 1084 Bernard
663 1035 762 1084 thatha
770 1050 823 1084 saw
835 1035 887 1084 and
898 1036 977 1084 heard
988 1036 1020 1085 R.
1031 1034 1061 1084 G.
1072 1035 1133 1098 give
1141 1038 1194 1085 two
1201 1035 1327 1085 ohurohas

390 1117 419 1161 to
430 1113 475 1162 the
494 1112 615 1162 abbatos
629 1112 788 1170 Glouoester,
799 1113 852 1162 and
869 1113 930 1162 that
940 1113 1004 1176 king
1020 1112 1112 1176 Henry
1123 1111 1264 1162 oonflrmed
1280 1112 1327 1161 the

389 1188 462 1254 gia]

325 1306 536 1370 Varnenum
559 1305 688 1371 domino
712 1306 902 1383 Alexandro,
930 1305 1162 1371 Lineolniensis
1190 1304 1327 1370 ecclesiae

325 1417 478 1502 episeopo,
493 1417 675 1502 caterisque
690 1417 813 1482 dilectis
827 1417 861 1480 in
878 1417 1006 1482 Christo
1017 1417 1168 1483 fratribus
1183 1415 1326 1481 ecelesia-

324 1550 396 1593 rum
421 1529 521 1593 totius
546 1529 685 1613 Angliae,
709 1535 776 1593 tam
798 1528 936 1612 praelutis
956 1550 1053 1613 quum
1076 1527 1222 1607 subditis,
1247 1527 1326 1590 Ber·

324 1641 453 1719 nardus,
465 1639 600 1706 eeclesia
617 1640 727 1704 Sancti
739 1640 874 1704 Davidis
886 1639 1031 1704 minister
1039 1639 1180 1718 humilis,
1190 1638 1325 1703 salutem

324 1751 360 1814 in
383 1751 533 1816 Domino.
579 1751 717 1817 Caritati
732 1756 845 1816 vestra
860 1756 970 1815 notum
986 1751 1130 1831 facimus,
1145 1756 1178 1816 et
1197 1749 1271 1834 quia
1285 1747 1326 1813 ad

323 1885 459 1946 praesens
474 1862 569 1926 verbo
591 1885 656 1927 non
671 1884 848 1946 possumus,
862 1861 978 1946 scripto
993 1867 1160 1941 testamur,
1175 1882 1232 1924 nos
1248 1883 1325 1945 prae-

324 1978 428 2037 sentes
443 1973 578 2052 affuisse,
588 1974 647 2037 hoo
658 1973 755 2038 etiam
766 1972 883 2037 vidisse
891 1978 925 2037 et
933 1971 1066 2049 audisse,
1073 1972 1158 2056 quod
1168 1971 1326 2037 Robertus

325 2083 457 2147 Gernun
473 2083 561 2147 dedit
586 2086 704 2148 Sancto
720 2085 824 2161 Petr0,
840 2090 873 2148 et
888 2084 982 2147 Petro
996 2082 1105 2146 abbati
1120 2083 1159 2147 de
1176 2082 1326 2147 Glouoes·

323 2195 396 2272 tria,
429 2200 463 2258 et
486 2195 647 2258 monaahis
673 2195 752 2277 ejus,
778 2194 940 2258 eeclesiam
966 2193 1005 2257 de
1028 2193 1270 2273 Wirecesburia‚
1293 2201 1327 2257 et

323 2304 484 2369 ecelesiam
511 2305 550 2369 de
575 2304 817 2382 Laverkestoke,
843 2310 876 2368 et
900 2305 1006 2368 omnia
1034 2327 1106 2389 quae
1135 2304 1175 2368 ad
1203 2304 1326 2369 easdem

324 2415 468 2479 ecelesias
482 2415 651 2500 pertinent,
668 2419 700 2478 et
721 2414 889 2478 dimidium
912 2414 1139 2495 molendinum,
1154 2420 1187 2480 et
1209 2415 1325 2479 medie·

323 2532 423 2591 tatem
438 2531 528 2591 terrae
543 2549 612 2611 quae
626 2526 666 2590 ad
682 2525 760 2589 illud
776 2525 923 2610 pertinet.
962 2526 1034 2590 Hoc
1049 2526 1175 2612 quidem
1188 2526 1326 2590 vidimus

323 2643 357 2701 et
379 2643 544 2703 testamur.
589 2636 714 2701 Scimus
739 2635 837 2701 etiam
860 2637 945 2722 qnod
964 2659 1020 2700 rex
1045 2637 1202 2701 Henricus
1227 2637 1324 2701 dona·

322 2748 444 2813 tionem
459 2747 545 2812 illam
555 2747 717 2826 concessit,
731 2753 763 2812 et
772 2753 859 2811 carta
874 2770 930 2810 sua
939 2747 1149 2813 confirmavit.
1174 2747 1324 2812 Vidimus

321 2861 417 2925 etiam
432 2859 516 2944 quod
531 2858 657 2922 domina
671 2881 741 2923 mea
756 2857 891 2922 Matilda
906 2857 1015 2940 regina
1030 2857 1134 2941 ipsum
1150 2856 1325 2924 Robertum

324 2971 456 3036 Geruuu
482 2993 580 3055 usque
604 2970 645 3033 ud
669 2970 767 3034 altare
791 2969 901 3033 Sancti
920 2968 1007 3033 Petri
1031 2968 1235 3033 Gloueestriae
1249 2991 1323 3033 eon·

322 3082 426 3157 duxit,
452 3081 508 3144 ubi
538 3081 615 3166 ipse,
639 3085 763 3145 astante
792 3080 913 3164 regina,
938 3079 1143 3165 pluribusque
1165 3079 1245 3159 aliis,
1268 3103 1354 3171 per·

323 3190 487 3255 cultellum
502 3213 594 3275 super
608 3191 706 3255 altare
721 3190 923 3256 donationem
937 3189 1025 3254 illam
1040 3189 1250 3256 confirmavit.

513 3339 627 3406 [Reoord
638 3343 668 3391 of
676 3342 850 3406 adjudioation
861 3342 889 3391 ln
900 3357 916 3391 a
926 3342 1015 3406 publio
1026 3341 1130 3407 synod]

369 3476 529 3542 Quoniam
559 3500 605 3557 ea,
630 3501 699 3561 quae
728 3479 770 3542 ad
805 3478 979 3543 utilitatem
1007 3476 1144 3543 eoolesiae
1169 3483 1323 3562 spectant,

323 3586 495 3671 diligenter
509 3587 670 3671 providere
694 3594 726 3652 et
753 3590 920 3654 efficaciter
943 3589 1083 3673 implere,
1099 3588 1219 3654 credita
1232 3589 1325 3654 nobis

323 3697 567 3782 dispensatione,
589 3697 749 3776 debemus,
765 3699 834 3764 ideo
855 3722 914 3784 ego
939 3699 1054 3779 David,
1078 3700 1325 3785 Bnginghamius

324 3807 385 3872 Dei
418 3808 522 3891 gratia
556 3808 805 3890 archidiaconus,
830 3818 897 3875 tam
923 3811 1069 3895 prasenti
1105 3814 1193 3877 atati
1229 3834 1325 3899 quam

322 3917 437 3982 futurae
456 3918 635 4001 posteritati
653 3921 736 4004 quod
749 3921 787 3985 de
807 3944 900 3985 eausa
915 3922 1039 3987 abbatis
1054 3928 1086 3988 et
1100 3924 1326 3988 monachorum

324 4029 530 4094 Gloucostriae
552 4030 587 4093 in
611 4032 779 4115 prasentia
802 4045 911 4098 nostra
935 4040 1040 4097 aetum
1065 4039 1114 4098 est
1136 4032 1175 4099 de
1189 4033 1326 4098 ecclesiis

321 4139 360 4203 de
375 4140 595 4205 Wirecesbiria
612 4147 645 4204 et
661 4142 841 4228 Lungeleya
857 4144 1007 4228 praesenti
1031 4144 1148 4229 scripto
1165 4144 1327 4208 notificare

529 4337 536 4368 ¹
554 4340 678 4392 achron.
692 4343 762 4393 Mon.
776 4344 865 4395 Glouc.
879 4347 928 4396 160
941 4345 1014 4408 (Reo.
1027 4346 1118 4409 Com).
