3000 4972
254 595 256 598 ι
313 549 355 612 80
560 565 694 611 amorra
716 566 1067 613 auom-nouumque.

309 718 385 783 hinc
412 716 487 784 inde
515 717 621 783 idonei
649 724 756 798 testes,
786 719 881 784 verba
908 720 1031 804 puella,
1060 741 1146 804 purae
1183 712 1313 784 veritati

310 827 454 902 subnixa,
470 833 689 914 protestantes.
735 829 899 893 Accedunt
919 829 991 894 istis
1016 828 1227 894 archidiaconi
1249 828 1313 891 duo

310 939 503 1004 Willielmus
526 940 671 1004 videlicet
695 940 941 1018 cantuariensis,
956 946 989 1006 et
1016 940 1216 1005 Humbaldus
1240 939 1311 1003 Ser·

309 1049 470 1132 bariensis,
494 1072 573 1135 quos
609 1056 699 1135 pater
731 1051 902 1115 Anselmus
929 1051 1131 1130 Wiltuniam,
1166 1049 1222 1114 ubi
1256 1049 1312 1113 illa

309 1161 414 1226 fuerat
449 1161 590 1242 educata,
625 1184 683 1246 pro
727 1161 825 1245 hujus
860 1162 905 1226 rei
941 1161 1130 1227 certitudine
1166 1160 1312 1225 rimanda

310 1271 476 1351 direxerat,
498 1272 554 1357 qui
585 1272 712 1358 publica
741 1295 817 1338 voce
849 1273 959 1337 testati
990 1278 1066 1337 sunt
1096 1295 1129 1336 se
1150 1279 1183 1337 et
1205 1293 1271 1336 rem
1293 1293 1313 1334 a

310 1382 467 1447 sororibus
492 1382 735 1467 diligentissime
758 1382 955 1469 perquisisse,
972 1389 1005 1448 et
1030 1383 1077 1447 nil
1101 1384 1185 1468 quod
1205 1382 1311 1446 relatae

309 1492 426 1558 rationi
455 1493 630 1574 obsisteret,
644 1493 684 1557 ab
710 1494 754 1558 eis
781 1516 889 1578 capere
912 1494 1061 1578 potuisse.
1106 1493 1221 1557 Monet
1235 1514 1311 1576 ergo

309 1604 479 1669 Anselmus
514 1610 549 1669 et
584 1627 639 1688 per
675 1603 883 1669 christianam
921 1604 1134 1670 obedientiam
1165 1601 1312 1668 omnibus

308 1713 452 1799 imperat,
468 1719 506 1779 ut
520 1714 644 1780 nullum
659 1739 678 1779 a
692 1715 826 1781 verit-ate
840 1714 929 1780 favor
952 1721 1008 1779 aut
1033 1714 1131 1780 timor
1155 1713 1312 1792 deflectat,

309 1824 363 1891 sed
378 1825 461 1890 sicut
475 1849 582 1891 revera
596 1849 696 1891 causac
711 1826 772 1891 Dei
786 1849 849 1911 quo
863 1826 951 1909 juste
966 1825 1192 1890 determinetur
1213 1845 1311 1886 unus·
1371 1888 1375 1895 ,

309 1935 441 2021 quisque
464 1959 521 2021 pro
546 1937 665 2002 viribus
689 1960 779 2021 opem
803 1937 883 2002 ferat
909 1959 958 2010 ne,
985 1936 1068 2021 quod
1093 1935 1187 2015 absit,
1213 1934 1312 2013 aiens,

309 2046 383 2111 talis
402 2046 515 2130 judicii
539 2049 697 2113 sententia
721 2049 862 2134 prodeat,
875 2049 965 2132 cujus
979 2047 1121 2132 exemplo
1144 2047 1178 2110 in
1204 2069 1311 2131 super·

310 2157 451 2222 venturis
487 2158 691 2244 temporibus,
713 2159 764 2224 vel
802 2182 859 2223 sua
894 2158 1029 2244 quilibet
1064 2157 1211 2223 libertate
1247 2180 1312 2222 non

305 2267 377 2351 jure
398 2267 549 2353 privetur,
572 2268 623 2334 vel
646 2270 733 2335 Deus
754 2269 815 2348 his,
831 2292 901 2354 qua
923 2269 972 2333 sui
989 2268 1073 2353 juris
1095 2290 1161 2332 esse
1182 2268 1312 2344 debent,

308 2377 425 2463 injuria
457 2378 647 2445 detrudetur.
693 2380 882 2445 Acclamant
912 2402 1030 2458 omnes,
1054 2379 1100 2443 ita
1121 2378 1312 2457 faciendum,

309 2495 353 2565 et,
368 2512 401 2555 sc
423 2513 487 2555 non
510 2491 601 2556 aliter
622 2490 769 2571 facturos,
786 2491 951 2575 spondent.
998 2492 1133 2555 Remoto
1164 2490 1271 2575 itaque
1292 2513 1312 2554 a

309 2606 468 2667 conventu
500 2602 565 2667 solo
597 2608 697 2687 patre,
720 2601 849 2668 ecclesia
870 2601 998 2685 Angliae
1020 2624 1089 2687 quae
1122 2604 1313 2666 convenerat

309 2711 343 2778 in
366 2735 467 2776 unum
488 2713 527 2778 dc
548 2712 733 2799 proferenda
754 2712 911 2779 sententia
932 2717 1059 2778 tractat.
1105 2711 1227 2777 Deinde
1257 2712 1313 2777 illo

311 2822 347 2888 in
368 2825 507 2890 medium
530 2832 705 2890 reverenter
726 2825 873 2903 adducto,
897 2824 1076 2908 expositum
1098 2829 1147 2889 est
1169 2823 1245 2908 quid
1275 2822 1313 2888 de

311 2936 440 3020 negotio
451 2936 626 3001 communis
640 2936 783 3001 omnium
797 2957 966 3001 consensus
980 2934 1146 2999 invenerit.
1193 2935 1314 2998 Ratum

311 3046 403 3112 aiunt
416 3052 577 3132 perspecta
591 3069 624 3112 re
638 3046 699 3111 sibi
721 3046 830 3124 videri,
847 3053 880 3111 et
901 3047 941 3111 ad
963 3047 1022 3110 hoc
1044 3046 1313 3132 comprobandum

311 3162 437 3243 paratos
458 3181 491 3223 se
512 3164 665 3236 asserunt,
687 3158 775 3222 nulla
796 3156 954 3222 sententia
974 3179 1064 3242 posse
1086 3138 1224 3241 puellam
1257 3179 1315 3241 pro

311 3289 407 3332 causa
437 3289 494 3332 sua
520 3268 593 3351 jure
625 3267 813 3353 constringi,
835 3267 913 3353 quin
938 3266 1084 3332 libertato
1106 3265 1243 3352 corporis
1265 3267 1314 3331 sui

313 3399 498 3462 quocunque
511 3379 606 3443 modo
626 3377 772 3461 legaliter
787 3377 873 3451 velit,
888 3376 993 3443 valeat
1008 3377 1066 3441 uti.
1113 3377 1207 3442 Quod
1227 3376 1314 3457 licet,

312 3485 473 3571 inquiunt,
494 3487 557 3553 levi
578 3492 766 3574 argumento
787 3486 919 3572 probare
940 3509 1114 3573 possemus,
1136 3509 1172 3551 eo
1203 3492 1314 3554 tamen

313 3619 386 3662 cum
416 3618 495 3682 opus
524 3619 588 3662 non
621 3597 675 3678 sit,
697 3597 945 3682 supersedemus,
967 3597 1085 3662 nostris
1115 3600 1315 3682 argumentis

312 3706 481 3773 firmiorem
503 3713 648 3773 tenentes
668 3730 776 3792 parem
803 3706 916 3791 judicii
946 3706 1040 3792 hujus
1071 3708 1263 3773 sententiam
1295 3732 1315 3774 a

313 3819 496 3885 veneranda
526 3819 683 3884 memoria
713 3818 934 3904 praedecessore
965 3824 1080 3898 vestro,
1103 3827 1135 3885 et
1157 3825 1247 3905 patre
1281 3826 1315 3886 et

313 3928 466 4015 magistro
498 3935 607 3995 nostro
639 3929 828 4009 Lanfranco,
850 3930 947 3995 simili
976 3931 1015 3995 de
1045 3953 1147 4010 causa,
1176 3931 1315 4015 promul-

312 4047 433 4128 gatam.
478 4040 565 4105 Nam
598 4041 723 4126 quando
755 4041 808 4107 ille
838 4063 974 4126 magnus
1007 4041 1203 4108 Willielmus
1232 4043 1315 4108 hanc

313 4159 430 4219 terram
461 4151 562 4237 primo
593 4152 718 4232 devicit,
752 4151 848 4218 multi
883 4174 1009 4217 suorum
1042 4152 1103 4218 sibi
1132 4176 1190 4238 pro
1222 4158 1316 4218 tanta

312 4263 447 4332 victoria
460 4264 693 4350 applaudentes,
709 4265 877 4352 omniaque
898 4264 965 4331 suis
986 4263 1205 4331 voluntatibus
1219 4269 1315 4352 atquc
