3000 4972
652 580 761 626 uuuur
785 581 822 625 11.
1181 561 1244 622 265

242 733 289 812 εἰς
321 734 489 799 tenendam
514 731 709 799 haerediturio
736 733 806 818 jure
834 732 967 796 subtuli
996 731 1134 812 servitio,
1163 731 1247 816 quod

243 843 308 927 ipse
324 843 498 927 Philippus,
514 850 547 909 et
562 842 697 908 haeredes
711 845 780 928 ejus
795 851 866 927 post
881 844 997 927 ipsum,
1011 842 1098 928 equis
1112 842 1247 928 propriis

244 960 276 1018 et
299 954 488 1039 sumptibus,
505 954 639 1019 ecclesiae
665 954 728 1019 triu
753 954 882 1018 servitia
906 953 1021 1019 facient
1046 977 1101 1039 per
1126 976 1246 1017 anuum

244 1064 329 1128 intra
355 1087 490 1148 regnum
514 1065 652 1149 Angliee,
668 1064 722 1128 ubi
749 1086 873 1130 neccsse
898 1064 993 1128 fuerit
1008 1064 1128 1148 parati3
1152 1070 1185 1129 ct
1207 1064 1248 1129 ud

244 1173 321 1237 alias
336 1174 472 1239 ecclesiae
485 1175 697 1254 necessitates,
712 1175 796 1239 sicut
810 1175 863 1239 alii
887 1176 957 1259 ejus
980 1174 1070 1240 liberi
1094 1175 1246 1241 homines.

248 1285 356 1369 Hujus
382 1308 454 1348 vero
477 1284 523 1349 rei
545 1285 660 1368 gratia,
676 1284 759 1349 facto
785 1283 871 1368 prius
897 1284 1045 1365 homagio
1071 1284 1189 1363 abbati,
1216 1291 1249 1350 et

245 1396 351 1477 jurata
376 1393 526 1458 fidelitate
550 1393 686 1458 ecelesiae
711 1399 744 1458 ct
768 1393 928 1458 monachis
955 1392 988 1456 in
1012 1394 1159 1478 capitulo,
1174 1418 1247 1460 con·

246 1526 364 1567 cessam
379 1524 417 1567 ex
440 1511 571 1588 utraque
596 1511 687 1588 parte
709 1504 948 1568 conventionem
975 1505 1064 1582 hanc,
1080 1505 1248 1590 Philippus

247 1621 364 1698 postea,
390 1637 486 1677 manu
509 1614 643 1699 propria,
669 1614 766 1679 altare
798 1613 906 1678 Sancti
938 1613 1023 1678 Petri
1053 1616 1249 1699 superposite

247 1724 415 1804 roboravit,
448 1747 531 1788 anno
571 1724 610 1789 ab
653 1723 873 1789 lucarnatione
912 1724 1042 1789 Domini
1083 1724 1249 1792 millesimo

248 1834 496 1912 ch111.‚x1.
513 1835 662 1900 kalendae
678 1835 802 1900 Martii.
1095 1828 1098 1835 ’

294 1945 367 2008 Hiis
393 1944 603 2010 interfuerunt
626 1952 693 2010 tum
716 1945 749 2009 in
774 1944 911 2029 capitulo
935 1968 1030 2030 quem
1056 1946 1090 2010 in
1112 1948 1250 2028 ecclesia,

249 2056 427 2120 Alexander
435 2055 599 2134 Pincerna,
611 2056 796 2140 Radulphus
808 2055 904 2121 frater
914 2056 1064 2140 Philippi,
1076 2057 1250 2124 Herbertue

247 2165 376 2251 janitor,
393 2166 538 2231 Moriuus
561 2166 764 2252 dispensator,
782 2169 925 2251 Rogerus
941 2168 1072 2246 Beselei,
1090 2169 1251 2234 Gallridus

251 2277 389 2357 Gcrnon,
413 2278 594 2342 Willelmus
620 2279 659 2344 de
683 2278 836 2357 Muntric,
863 2279 1024 2343 Johannes
1053 2280 1091 2344 dc
1122 2281 1251 2359 Marcis,

251 2389 408 2452 Robertus
432 2388 470 2452 de
495 2388 691 2467 Herefordia,
717 2389 891 2454 Ruinaldus
921 2411 1023 2468 cocus,
1054 2391 1190 2457 Cadmor
1218 2398 1251 2456 et

253 2497 451 2577 Godcfridus,
465 2506 498 2563 et
514 2500 657 2584 Rogcrus
671 2500 766 2565 Burel
782 2506 815 2565 et
830 2499 894 2563 alii.

283 2635 345 2685 This
357 2637 408 2685 fine
419 2636 442 2685 ic
454 2640 556 2700 twenty
571 2653 647 2701 years
658 2639 730 2688 older
747 2640 812 2687 then
826 2640 870 2688 the
887 2655 936 2689 one
947 2641 1024 2703 given
1036 2641 1071 2704 by
1084 2641 1133 2689 ΜΓ.
1147 2642 1251 2692 Hunter

251 2728 280 2762 es
300 2714 344 2761 the
360 2712 465 2761 earliest
482 2714 533 2762 fine
552 2714 582 2762 ol
596 2714 672 2764 lende
693 2715 778 2765 which
798 2716 830 2765 he
842 2716 893 2765 hed
905 2731 974 2765 seen.
1009 2718 1095 2777 Fines,
1108 2719 1175 2767 Prel‘.
1187 2734 1213 2782 p.
1225 2736 1250 2769 x.

253 2791 305 2839 But
323 2791 351 2837 in
368 2789 414 2838 the
434 2790 500 2838 form
517 2790 548 2839 ol
562 2792 694 2851 concorde,
713 2793 779 2843 flues
796 2809 865 2844 were
884 2808 1004 2843 common
1020 2794 1182 2858 throughout
1205 2799 1251 2849 tho

252 2866 435 2930 Augu-Sum
447 2866 499 2915 und
511 2868 626 2917 Nomen
639 2869 752 2931 pcriods.

370 3405 543 3492 [Wrtumu
568 3405 681 3470 Rurus
702 3427 729 3471 o.
754 3404 918 3482 churun,
942 3425 962 3467 A
985 3406 1144 3490 Purusr.]¹

257 3565 336 3629 llmc
351 3566 516 3630 conventio
532 3565 613 3631 factu
628 3575 677 3630 est
693 3566 775 3629 inter
800 3565 971 3629 Ricardum
995 3568 1190 3631 secerdotum
1215 3568 1254 3632 de

254 3676 414 3755 Wellcwa,
423 3685 456 3741 et
468 3676 662 3740 Willelmum
677 3677 953 3754 Ruffum,fratrem
965 3700 1067 3757 suum,
1080 3677 1112 3741 in
1123 3700 1254 3761 praesen·

253 3785 298 3848 tia
313 3785 432 3849 domini
449 3786 497 3849 sui
514 3787 698 3851 venerabilis
713 3786 837 3851 abbatis
855 3787 1027 3866 Hamclini,
1043 3795 1075 3852 et
1091 3788 1160 3872 ejus
1180 3811 1254 3852 con·

254 3903 366 3959 ventus
390 3897 611 3973 Gloucestriae3
642 3897 679 3961 de
704 3897 838 3980 quadum
864 3896 948 3979 hyda
971 3919 1065 3980 quom
1090 3897 1255 3982 predictus

255 4005 407 4070 Ricardus
422 4014 510 4070 tenet
525 4007 563 4069 dc
579 4005 692 4070 abbate
708 4006 854 4088 predicto
870 4006 902 4068 in
918 4006 1145 4085 Aldesworthe,
1159 4029 1254 4091 quum

254 4117 419 4200 praedictus
435 4116 615 4180 Willelmus
631 4116 841 4179 calumniatus
857 4116 919 4179 fuit
933 4137 1010 4198 erga
1024 4116 1128 4199 ipsum
1145 4117 1253 4181 Ricar-

467 4271 473 4302 ¹
493 4278 506 4323 l
520 4273 613 4325 Chrou.
627 4276 695 4324 Mori.
707 4272 797 4324 Glcuo.
811 4276 858 4324 155
869 4276 937 4333 (Boc.
948 4274 1040 4331 Gonu).
