3000 4972
655 569 762 613 aanor
786 570 823 614 11.
1180 551 1242 614 267

244 725 399 796 futurum,
426 745 494 787 eam
518 721 665 806 praesenti
689 720 806 804 scripto
832 726 1017 784 annotatam
1037 718 1245 803 posteriorum

243 833 399 897 memoriae
414 839 658 896 reservaverunt.
706 831 807 915 Super
822 831 879 894 hoc
895 830 991 894 etiam
1005 852 1045 893 ne
1066 829 1135 916 jam
1150 852 1243 913 saepe·

242 943 346 1006 dictus
361 942 540 1006 Willelmus
555 941 606 1006 vel
621 941 737 1025 aliquis
753 963 881 1005 snorum
906 940 1054 1004 adversus
1081 941 1244 1004 abbatiam

244 1053 355 1116 Sancti
375 1053 461 1116 Petri
479 1053 577 1135 possit
596 1052 678 1115 hanc
700 1050 891 1114 calumniam
918 1051 1073 1128 invocare,
1097 1071 1244 1134 cyrogra-

243 1165 343 1247 phum
359 1164 467 1247 scripti
479 1164 562 1226 inter
577 1185 609 1225 se
624 1162 809 1238 diviserunt,
821 1184 957 1244 appenso
973 1161 1078 1245 sigillo
1088 1160 1244 1225 Willelmi

243 1273 301 1336 filii
333 1273 486 1356 Stephani
516 1271 708 1336 vicecomitis
738 1271 785 1334 iili
819 1272 903 1355 parti
933 1271 1119 1355 cyrographi
1149 1293 1244 1354 quam

243 1383 339 1445 abbas
354 1387 387 1445 ot
402 1381 547 1445 monachi
557 1403 651 1465 penes
667 1403 699 1444 se
714 1380 923 1458 retinuerunt,
935 1384 969 1443 et
984 1378 1088 1461 sigillo
1104 1378 1245 1462 ejusdem

245 1491 398 1554 willelmi
414 1490 451 1554 de
469 1490 639 1575 Berkeleye
655 1489 694 1552 ad
710 1494 894 1574 perpetuum
911 1490 1006 1573 hujus
1028 1488 1246 1553 conventionis

245 1624 418 1665 munimen.

304 2014 468 2097 [Jnnmna
491 2032 557 2075 ann
581 2013 712 2075 Rosam
734 2034 760 2076 o.
785 2012 891 2075 Paroa
913 2032 979 2077 san
1002 2013 1125 2078 Monns
1146 2034 1187 2078 on

589 2123 710 2186 Rosia,
758 2123 886 2206 1182]ι

247 2259 329 2320 Iliae
355 2264 404 2322 ost
430 2257 533 2322 finalis
556 2257 719 2323 concordia
744 2259 826 2323 facta
850 2258 883 2321 in
908 2259 994 2322 ouria
1017 2259 1137 2323 domini
1163 2259 1247 2344 regis

244 2369 326 2451 apud
343 2368 664 2432 westmonasterium
689 2368 730 2431 ad
756 2369 965 2447 Scaccarinm,
981 2369 1014 2432 in
1035 2370 1114 2433 festo
1136 2369 1246 2433 Sancti

245 2478 411 2543 Michaelis
422 2502 503 2542 anno
514 2478 660 2543 vicesimo
672 2500 755 2543 nono
771 2479 861 2562 regni
877 2480 959 2562 regis
974 2478 1104 2543 Henriei
1118 2479 1246 2544 secundi

245 2588 295 2651 die
310 2587 468 2652 dominica
482 2589 625 2673 proxima
644 2595 718 2653 ante
741 2589 858 2652 festum
875 2590 1030 2653 Omnium
1047 2592 1245 2669 Sanctorum,

244 2720 348 2761 coram
372 2698 412 2761 R.
429 2697 654 2775 Wintoniensi,
670 2704 703 2762 et
729 2701 770 2762 G.
787 2699 918 2777 Eliensi,
934 2705 966 2763 et
991 2700 1022 2764 J.
1039 2700 1245 2779 Norwicensi,

244 2806 405 2890 episcopis,
421 2810 454 2870 et
469 2804 638 2870 Godefrido
653 2804 690 2869 de
708 2807 808 2890 Lney,
825 2816 856 2871 et
881 2807 1016 2872 Ricardo
1042 2808 1246 2888 thesaurario,

243 2924 276 2978 et
293 2918 418 2999 Rogero
432 2915 498 2979 filio
511 2915 675 2993 Remfridi‚
691 2923 724 2979 et
735 2916 896 2981 Willelmo
907 2919 1028 2995 Basset,
1041 2924 1073 2983 ot
1085 2918 1246 2983 Rannulfo

243 3024 281 3087 de
297 3025 466 3109 Geddyng,
482 3033 515 3090 ct
530 3025 668 3089 Roberto
683 3026 721 3089 de
737 3024 909 3108 Wytcfeld‚
924 3033 957 3090 et
974 3026 1129 3090 Michaele
1145 3028 1246 3106 Belet,

243 3143 276 3199 ot
301 3136 371 3200 aliia
394 3136 563 3200 baronibus
589 3136 709 3200 domini
736 3136 820 3220 regis
847 3136 891 3200 ibi
917 3144 993 3201 tunc
1019 3138 1224 3220 praesentibus
1236 3161 1245 3216 ;

243 3247 328 3312 inter
343 3247 477 3331 priorem
492 3253 524 3311 et
540 3247 708 3311 monachos
734 3248 772 3311 de
789 3248 891 3327 Roffa,
906 3254 939 3313 et
962 3250 984 3311 J
986 3248 1123 3312 ulianam
1148 3249 1245 3314 filiam

247 3358 392 3422 Falconis
421 3358 460 3422 de
489 3358 661 3421 Ncweham
693 3364 726 3421 et
756 3358 932 3422 Robcrtum
961 3358 999 3424 de
1029 3359 1246 3444 Champeynes

244 3469 346 3531 filiurn
362 3468 460 3553 ipsius
476 3469 496 3529 J
500 3469 621 3544 alianae,
636 3468 674 3532 de
689 3469 892 3534 advocatione
907 3469 1043 3534 ecelesia
1066 3471 1105 3536 de
1122 3472 1246 3536 North-

244 3588 337 3657 tone;
361 3580 443 3643 nnde
465 3579 638 3662 recognitio
662 3581 855 3644 summonita
870 3579 933 3643 fuit
948 3581 1096 3645 intereos
1112 3582 1144 3644 in
1160 3582 1247 3646 curia

245 3689 364 3750 domini
379 3688 463 3770 regis
472 3715 481 3765 3
506 3688 626 3753 scilicet
640 3689 724 3773 quod
736 3690 884 3772 praedicta
899 3691 920 3752 J
923 3690 1028 3753 aliana
1043 3698 1075 3754 et
1091 3691 1247 3756 Robertus

246 3797 328 3859 tilius
353 3821 427 3863 snus
455 3798 605 3863 dederunt
629 3805 662 3863 et
686 3804 906 3864 concesserunt
931 3800 1080 3883 praedicto
1104 3801 1199 3884 priori
1214 3807 1247 3865 et

245 3906 405 3969 monachis
420 3907 654 3971 advocationem
673 3909 826 3992 praedictae
846 3910 979 3972 ecclesian
998 3911 1034 3973 de
1054 3911 1248 3989 Northtone,

244 4023 276 4081 et
291 4023 510 4081 concesserunt
525 4016 761 4080 advocationem
777 4040 871 4100 <piram
886 4017 981 4081 Fulco
993 4025 1082 4101 pater
1092 4019 1248 4102 praedictae

245 4128 266 4189 J
270 4126 380 4190 alianae
396 4126 441 4190 eis
456 4125 530 4190 fecit
546 4126 585 4190 de
600 4127 729 4208 praefata
743 4126 879 4191 ecclesia.

515 4270 522 4301 ¹
541 4273 641 4332 bladon,
655 4273 724 4321 Hist.
737 4274 817 4322 Exch.
829 4272 861 4325 57
875 4274 926 4329 (sol.
938 4275 998 4323 edo.
