3000 4972
304 501 365 566 180
549 522 682 567 amorra
705 521 1054 568 auom-nonnannroa

302 694 375 736 cum
401 696 464 738 non
483 675 661 740 traheretur
684 675 718 738 in
741 696 878 753 eausam,
900 679 1017 738 terram
1039 695 1128 737 suam
1149 672 1209 737 sibi
1231 674 1305 736 sub-

301 782 400 848 latam
415 807 488 850 esse.
514 785 565 850 Ad
580 787 648 870 ejus
664 786 769 870 itaque
783 784 954 850 instantem
969 784 1194 869 querimoniam
1210 783 1307 849 abbas

301 915 374 957 cum
403 895 585 960 hominibus
614 896 669 980 qui
698 907 814 960 tcrram
843 899 1088 980 peragraverant
1117 894 1158 958 ad
1187 894 1306 958 curiam

301 1005 420 1089 agitur,
436 1029 529 1091 super
550 1030 586 1071 ea
608 1030 704 1092 quam
726 1007 810 1071 idem
832 1005 990 1071 Robertus
1012 1004 1189 1069 affirmabat
1203 1005 1306 1090 injus-

301 1115 386 1195 titia,
402 1118 631 1183 satisfacturus.
655 1119 725 1183 Nec
739 1123 906 1183 cunctatus
915 1117 1011 1180 abbas
1026 1122 1133 1181 mente
1147 1116 1305 1196 robustus,

302 1226 377 1293 licet
392 1251 518 1313 corpore
540 1229 707 1309 invalidus,
723 1253 756 1295 se
776 1230 828 1295 die
850 1228 1061 1294 determinato
1083 1228 1119 1292 in
1140 1229 1305 1313 prasentia

302 1339 500 1423 justiciamm
521 1341 606 1424 apud
621 1340 822 1405 Wintoniam
837 1339 991 1420 exhibuit,
1000 1339 1182 1404 hominibus
1199 1362 1305 1404 seeum

302 1449 447 1514 adductis
463 1452 517 1536 qui
533 1451 811 1536 saepenominatam
824 1456 1041 1516 tenementum
1055 1450 1094 1515 de
1106 1451 1305 1515 Bernehorne

302 1567 558 1645 peragraverunt,
584 1568 617 1627 et
645 1563 715 1648 ejus
745 1568 846 1628 metas
869 1561 1121 1646 designaverant.
1166 1563 1304 1626 Astante

303 1672 442 1738 Roberto
457 1672 496 1738 de
512 1673 678 1738 Yclesham
690 1678 723 1737 et
744 1695 837 1758 super
858 1679 942 1737 terra
964 1694 1021 1737 sua
1042 1672 1103 1736 sibi
1118 1671 1249 1737 subdole
1264 1677 1303 1736 ut

301 1782 457 1847 asserebat
483 1784 607 1848 sublata
628 1790 845 1868 conquerente,
872 1784 1046 1868 procedunt
1071 1783 1194 1867 praefati
1217 1784 1300 1849 XII.

301 1892 362 1956 viri
383 1893 412 1957 ei
435 1893 469 1957 in
491 1894 602 1959 faciem
624 1895 814 1974 resistentes,
837 1893 951 1959 iterato
973 1901 1203 1960 sacramentum
1225 1918 1303 1978 prae·

301 2007 385 2067 stare
420 2005 533 2088 parati,
564 2026 596 2069 se
626 2028 691 2070 non
722 2004 850 2089 quidem
881 2004 1028 2091 amplius,
1059 2005 1233 2090 quinimmo
1262 2028 1302 2070 ne

301 2113 490 2177 sacramenti
520 2114 655 2198 praestiti
690 2114 872 2179 viderentur
907 2121 1159 2200 transgressores,
1197 2115 1302 2179 minus

300 2223 387 2307 justo
416 2245 472 2287 suo
498 2225 623 2290 ambitu
652 2224 849 2291 conclusisse.
902 2226 997 2291 Unde
1026 2228 1110 2292 idem
1144 2227 1301 2292 Robertus

300 2331 385 2396 falsa
403 2334 637 2419 conquestionis
658 2357 728 2400 rens
751 2358 816 2401 esse
837 2337 1011 2416 convictus,
1027 2337 1168 2402 omnium
1180 2337 1301 2421 judicio

300 2442 517 2510 misericordiae
531 2446 615 2531 regis
628 2445 795 2514 addicitur.

390 3177 503 3260 [Wrsn
532 3197 572 3241 os
603 3178 737 3241 Rornar
767 3199 796 3241 o.
820 3178 994 3241 Assoron
1023 3178 1211 3241 Anrnanon.

677 3287 932 3371 1154--1158.]Ι

299 3419 367 3484 [Tha
383 3421 499 3483 plaintiff
510 3422 602 3471 claime
618 3423 718 3470 osrtain
734 3422 796 3471 land
806 3423 892 3472 which
902 3422 954 3471 had
969 3423 1036 3471 been
1046 3422 1125 3486 giren
1135 3422 1171 3484 by
1181 3420 1229 3469 har
1238 3421 1297 3469 hus·

363 3499 432 3548 band
443 3505 471 3549 to
482 3500 528 3548 tha
540 3499 688 3558 defendant,
699 3499 813 3562 alleging
824 3501 884 3548 that
895 3500 917 3548 it
928 3499 979 3548 had
990 3501 1056 3549 bosn
1066 3501 1144 3564 given
1154 3499 1201 3547 har
1212 3513 1241 3547 as
1253 3500 1298 3546 har

362 3573 451 3638 dowry
461 3595 468 3633 ς
484 3576 534 3623 bnt
544 3574 590 3623 tha
600 3589 680 3624 oauss
691 3576 769 3638 being
780 3576 860 3624 heard
870 3578 905 3639 by
915 3591 995 3641 many
1005 3577 1068 3626 wisa
1079 3591 1147 3635 men,
1160 3576 1298 3641 jndgment

361 3652 385 3701 is
396 3653 474 3715 given
485 3653 525 3702 sor
535 3653 580 3701 the
590 3652 755 3717 defendant]

299 3764 423 3844 Srcqurs
443 3766 564 3830 factum
587 3771 638 3830 est
658 3772 697 3830 ut
720 3766 787 3850 ipse
812 3766 979 3848 Robertus,
998 3770 1068 3832 toto
1083 3770 1208 3832 astante
1223 3788 1296 3831 con-

296 3880 405 3954 ventu,
434 3876 600 3941 dimidiam
626 3875 714 3940 illam
743 3876 851 3940 hidam
882 3899 973 3961 super
1001 3900 1157 3963 magnum
1187 3877 1297 3956 altare,

295 3986 411 4071 absque
446 3987 533 4052 omni
561 3986 597 4050 in
634 3993 795 4071 posterum
828 3986 1057 4068 reclamatione,
1087 3988 1296 4053 confirmaret.

295 4098 409 4162 Postea
430 4104 538 4163 tamen
563 4097 693 4163 Roberti
715 4120 794 4162 uxor
808 4119 946 4162 asserens
961 4098 1042 4163 hanc
1057 4097 1093 4162 in
1114 4099 1220 4165 dotem
1236 4098 1297 4163 sibi

505 4259 513 4291 ι
532 4257 627 4306 aare.
642 4256 711 4307 non.
724 4259 835 4323 annm.
850 4260 898 4308 roa
912 4258 986 4321 (nso.
998 4258 1091 4322 coma.
