3000 4972
571 597 681 641 araur
705 599 741 643 11.
1115 582 1178 644 227

175 746 303 812 batibus
318 748 358 812 ad
385 749 579 832 Savigncum
603 749 844 833 pertinentibus,
865 749 1009 815 satutem.
1055 752 1178 816 Notum

175 859 265 923 vobis
287 859 419 922 facimus
441 858 524 942 quod
546 867 712 943 postquam
735 859 914 924 audivimus
936 861 1082 925 abbatem
1106 861 1178 926 Ma-

175 969 286 1033 theum
311 970 350 1034 de
376 970 555 1053 Basinguec
581 970 809 1053 querimoniam
839 970 947 1036 fecisse
976 971 1012 1035 in
1042 972 1178 1056 capitulo

176 1079 377 1145 Cisterciensi
392 1081 430 1145 de
446 1081 558 1145 abbate
575 1081 734 1145 Rannulfo
749 1081 787 1146 de
803 1081 960 1160 Bidenses,
976 1083 1060 1166 quod
1082 1083 1177 1147 abba-

173 1190 235 1254 tias
257 1191 295 1256 de
311 1192 488 1276 Basiuguec
510 1198 543 1256 et
565 1191 604 1257 de
627 1191 767 1255 Dubliua
789 1215 866 1276 quas
892 1215 946 1276 per
970 1193 1177 1277 Savigneium

174 1303 320 1382 habebat,
336 1311 444 1367 contra
459 1303 591 1367 sormam
607 1302 725 1365 ordinis
747 1309 844 1382 tenet,
860 1304 1000 1387 utrisque
1017 1305 1176 1369 mandavi·

174 1414 512 1498 muspropte1·bouum
530 1413 614 1497 pacis
629 1421 754 1478 utente
770 1414 1032 1498 tempuscapituli
1048 1438 1177 1499 sequen-

172 1524 216 1589 tis
247 1524 397 1609 Saviguei
427 1547 459 1589 se
488 1531 721 1608 praesentarent.
781 1526 825 1588 Et
860 1524 920 1609 ipsi
951 1525 994 1590 sio
1024 1527 1175 1591 feceruut.

174 1634 304 1699 Auditis
326 1636 433 1719 itaque
455 1635 489 1699 in
509 1635 648 1718 capitulo
673 1634 824 1718 savignei
845 1636 979 1719 querelis
1000 1643 1033 1701 et
1063 1659 1176 1721 grava·

175 1745 314 1809 minibus
330 1746 454 1810 abbatis
470 1744 595 1810 Mathei
612 1745 649 1809 de
665 1744 844 1829 Basingucc
858 1751 892 1810 et
907 1745 1063 1829 responsis
1079 1746 1175 1810 abba-

175 1855 216 1920 tis
233 1856 384 1920 Rannulfi
400 1857 438 1922 de
453 1857 601 1921 Billewas
615 1863 648 1921 ct
663 1856 757 1920 cartis
774 1879 851 1941 quas
866 1856 899 1919 in
915 1857 1024 1921 eodem
1039 1856 1176 1940 capitulo

61 2055 67 2063 ι
172 1967 212 2031 ab
236 1968 348 2034 abbate
375 1969 414 2032 R.
439 1968 477 2031 dc
505 1967 600 2032 Curci
625 1974 657 2032 et
683 1973 841 2032 conventu
871 1991 926 2032 suo
952 1968 990 2032 dc
1020 1966 1176 2051 praedietis

172 2078 307 2143 abbatiis
318 2079 486 2144 transactis
497 2079 663 2164 plusquam
674 2080 747 2144 XX.
758 2079 851 2143 annis
862 2084 1030 2163 acceperat,
1040 2077 1176 2162 dignum

172 2189 320 2254 duximus
339 2213 412 2254 cum
433 2191 600 2256 abbatibus
623 2190 677 2275 qui
699 2190 830 2255 aderant
851 2196 885 2256 et
907 2212 980 2255 cum
1004 2188 1175 2254 senioribus

171 2300 287 2365 nostris
303 2301 452 2366 secretius
474 2300 547 2366 inde
568 2307 712 2366 tractare.
757 2302 845 2366 'Iunc
861 2300 1043 2385 rogavimus
1058 2323 1109 2366 eos
1125 2299 1174 2364 uti

171 2434 204 2476 se
218 2434 256 2475 ex
272 2417 340 2476 toto
355 2412 484 2476 consilio
500 2419 606 2477 nostro
621 2418 654 2477 et
669 2411 865 2496 providencia
880 2411 1126 2490 committerent,
1141 2417 1175 2475 et

170 2534 404 2588 consenserunt.
451 2524 520 2587 Nos
545 2531 664 2599 autem,
690 2522 754 2586 illis
779 2523 918 2600 remotis,
942 2521 1173 2585 considerantes

170 2632 392 2698 discreciouem
408 2640 441 2697 et
464 2634 663 2716 prudentiam
679 2638 910 2697 antecessorum
926 2638 1104 2695 nostrorum
1119 2630 1173 2714 qui

170 2743 315 2827 praefatas
341 2742 482 2807 abbatias
508 2742 615 2806 abbati
643 2744 682 2805 R.
707 2748 740 2806 et
764 2740 934 2806 conventui
961 2740 999 2805 de
1025 2739 1172 2803 Billewas

171 2853 368 2918 tradiderunt
388 2859 421 2916 et
438 2851 533 2915 cartis
550 2852 827 2929 confirmaverunt,
843 2858 970 2934 propter
986 2848 1171 2914 necessarias

169 2987 278 3028 causas
292 2971 326 3028 et
340 2963 433 3027 utiles
447 2962 583 3046 dignum
599 2962 812 3049 judicavimus
827 2961 975 3046 quicquid
991 2984 1083 3044 super
1105 2961 1172 3024 haeo

170 3075 312 3140 fecerunt
334 3081 439 3138 ratum
462 3080 496 3138 et
519 3073 647 3137 firmum
672 3072 781 3137 haberi
807 3073 1047 3157 imperpetuum.
1093 3074 1173 3137 Pace

174 3185 275 3269 igitur
297 3185 451 3250 intereos
474 3183 641 3249 reformata
664 3183 697 3247 in
721 3184 881 3247 communi
904 3183 1041 3267 capitulo
1064 3190 1172 3249 nostro

168 3296 373 3380 praesentibus
402 3296 570 3360 abbatibus
596 3295 727 3359 Galtero
750 3295 788 3360 de
814 3295 903 3360 Neht
932 3302 964 3359 ct
993 3296 1107 3380 Moyse
1131 3295 1171 3360 de

170 3409 280 3472 Veteri
292 3408 379 3472 Villa
393 3405 682 3473 commendavimus
697 3405 804 3470 abbati
820 3406 956 3470 Ranulfo
970 3405 1009 3470 de
1024 3405 1171 3471 Billewaa

168 3541 294 3583 omnem
324 3541 429 3584 curam
460 3524 493 3581 et
517 3516 747 3582 ordinacionem
773 3516 984 3601 predictarum
1006 3517 1171 3581 domorum

168 3628 250 3692 sicut
279 3629 415 3693 filiarum
444 3650 571 3692 suarum
602 3626 684 3692 sicut
713 3635 918 3693 antecessores
947 3626 1047 3690 nostri
1082 3627 1170 3711 prius

168 3738 464 3803 commendaverant
487 3744 519 3802 et
542 3737 613 3823 ejus
636 3743 720 3802 carte
744 3743 912 3803 testantur.
965 3736 1170 3821 Iujunximus

167 3869 290 3931 quoque
314 3847 423 3912 abbati
449 3849 582 3912 Matheo
612 3848 651 3913 de
676 3848 855 3930 Basinguec
880 3854 913 3911 et
941 3846 1050 3911 abbati
1072 3848 1112 3911 A.
1132 3845 1171 3910 de

168 3957 311 4022 Dublina
339 3963 378 4021 ut
408 3956 469 4041 ipsi
498 3965 532 4022 et
561 3959 675 4023 domus
704 3980 760 4020 sua
786 3980 824 4021 ex
847 3963 916 4020 toto
941 3956 1111 4022 intendant
1136 3964 1169 4022 et

168 4069 317 4133 obediant
340 4068 448 4133 abbati
469 4074 503 4132 et
525 4067 632 4132 domui
653 4068 692 4131 de
715 4066 881 4130 Buldewas
902 4066 985 4130 sicut
1006 4065 1064 4129 filii
1086 4067 1170 4150 patri

167 4187 201 4244 et
216 4180 297 4244 sicut
311 4178 374 4243 filie
390 4177 494 4242 matri.
540 4179 638 4241 Facta
653 4182 728 4240 sunt
742 4176 807 4239 haeo
821 4176 856 4238 in
870 4175 1008 4259 capitulo
1021 4176 1171 4262 Savignei

166 4291 319 4374 ab[s]que
348 4288 413 4352 ulla
442 4286 699 4351 contradictione.
755 4286 828 4350 Hiis
863 4285 997 4351 testibus
1032 4287 1170 4354 Roberte

641 4402 705 4477 qt
