3000 4972
654 570 764 614 annau
788 571 826 616 11.
1185 555 1246 616 251

243 729 276 786 et
306 745 409 786 comes
440 722 636 806 Andegaviae
667 722 806 788 Jordano
838 722 876 787 de
910 722 1071 801 Sanforde,
1105 723 1249 788 salutem.

244 832 392 916 Praecipio
415 833 496 917 quod
516 833 602 916 juste
624 841 827 899 manuteneas
852 834 999 899 abbatem
1024 840 1058 898 et
1081 836 1251 899 monachos

245 944 447 1008 Gloucestriae
465 945 503 1008 dc
526 945 693 1009 elemosina
715 969 784 1010 mea
803 954 837 1010 et
854 952 1083 1010 antecessorum
1108 968 1248 1010 meorum

243 1054 281 1118 de
297 1055 528 1120 Chelesworthe
543 1079 636 1140 quam
656 1056 811 1121 Henricus
827 1080 881 1121 rex
896 1080 972 1120 avus
995 1079 1083 1121 meus
1106 1055 1150 1121 eis
1172 1079 1249 1121 con·

243 1165 349 1230 firmat
363 1173 448 1230 carta
463 1189 529 1246 sua,
545 1190 602 1232 nec
617 1166 781 1250 permittas
795 1168 879 1252 quod
894 1167 1006 1252 aliquis
1029 1168 1073 1232 eis
1100 1167 1249 1251 iujuriam

243 1276 348 1354 iaciat,
365 1276 414 1341 vel
430 1278 653 1343 contumeliam
669 1285 777 1343 contra
796 1286 913 1343 cartam
941 1280 1023 1363 regis
1042 1278 1172 1343 chrici
1198 1277 1250 1342 avi

244 1388 305 1452 mci
334 1396 368 1453 et
396 1396 503 1466 tuam;
527 1398 559 1454 ct
590 1389 650 1453 nisi
680 1390 787 1454 feceris
813 1391 984 1455 vicecomes
1014 1391 1052 1455 de
1078 1389 1250 1474 Wiltesyra

244 1500 347 1564 iaciat.
392 1501 484 1566 ‘Peste
500 1501 639 1585 Symone
656 1501 720 1565 filio
736 1502 821 1566 Petri
837 1502 919 1585 apud
935 1499 1247 1585 Northamptoniam.

393 1938 519 2020 [ziason
540 1957 608 2000 ann
631 1937 754 2000 Munus
776 1956 815 1999 ou
840 1936 1096 2019 Gnoucnsma.]¹

244 2071 311 2136 [The
324 2074 410 2135 king's
418 2073 478 2121 urit
490 2073 621 2136 directing
631 2073 691 2121 that
703 2073 747 2121 tho
757 2072 837 2120 sbbot
848 2071 900 2119 und
912 2072 1003 2120 mouks
1014 2071 1045 2120 of
1053 2071 1205 2121 Gloucostsr
1217 2072 1249 2120 bo

495 2159 544 2217 put
555 2156 582 2203 in
594 2155 741 2216 possession
753 2154 782 2201 ol'
790 2154 890 2202 ccrtsin
903 2153 994 2218 nulla]

247 2261 428 2337 Humilem,
440 2281 494 2321 rex
511 2255 686 2340 Angliae,ct
701 2255 764 2317 dux
777 2255 983 2318 Normanuiae
997 2262 1030 2320 ct
1046 2256 1248 2340 Aquitanuiae

243 2379 275 2433 et
291 2393 393 2433 comcs
409 2367 611 2451 Andegaviae,
629 2367 673 2431 H.
690 2366 798 2430 comiti
815 2366 942 2430 Cestriae
957 2372 989 2431 ct
1005 2367 1055 2431 M.
1071 2367 1248 2449 comitissa,

243 2482 384 2544 salutem.
432 2478 579 2561 Praecipio
594 2479 676 2562 quod
692 2478 758 2542 siue
784 2477 935 2543 dilutione
961 2485 993 2542 et
1015 2479 1100 2561 juste
1126 2479 1248 2544 faciatis

244 2592 356 2655 habere
383 2590 490 2654 abbati
514 2595 546 2653 et
570 2589 730 2652 monachis
755 2589 793 2652 de
815 2588 1027 2653 Gloucestria²
1041 2612 1119 2673 quos
1145 2613 1247 2654 comes

246 2699 403 2764 Rauulfus
439 2702 483 2764 eis
517 2699 603 2763 dedit
634 2699 666 2761 iu
699 2698 886 2762 molendinis
917 2701 955 2763 dc
989 2699 1111 2783 Olneyo
1145 2707 1177 2763 et
1209 2700 1248 2764 dc

244 2811 461 2889 Taddeswelle,
477 2811 558 2874 sicut
573 2816 658 2873 carta
674 2833 728 2872 sua
744 2816 887 2874 testatur.
933 2812 977 2873 Et
1001 2809 1145 2894 displicet
1168 2812 1247 2875 mihi

244 2924 325 3009 quod
341 2925 398 2988 hoc
413 2946 474 2987 nou
491 2921 619 3000 fecistis,
634 2921 715 2985 sieut
728 2921 858 3005 praecepi
873 2944 928 3005 per
950 2920 1010 2984 alia
1036 2920 1143 2985 brevia
1166 2945 1245 2987 mea.

245 3038 288 3099 nt
304 3034 364 3097 uisi
387 3033 531 3111 feceritis,
546 3032 716 3097 vicecomes
742 3054 829 3095 meus
853 3032 900 3094 vel
926 3031 1118 3115 justiciarius
1142 3032 1247 3112 faciat,

246 3171 284 3211 nc
300 3147 371 3210 inile
387 3145 552 3209 clamorem
569 3142 702 3225 amplius
718 3141 842 3206 audiam
858 3165 913 3226 pro
929 3142 1058 3226 penuria
1074 3142 1160 3208 recti.

278 3282 333 3331 Tho
345 3281 405 3329 writ
416 3295 528 3343 appears
539 3284 567 3328 to
576 3280 643 3328 have
655 3281 720 3328 boen
732 3279 881 3343 disobsyod.
916 3280 964 3328 Sec
976 3279 1021 3328 tho
1032 3279 1164 3343 following
1176 3282 1245 3330 vnit.

595 3668 702 3752 [Saus
719 3668 902 3752 Pisum?

656 3804 743 3866 [Alias
757 3803 839 3868 aaa]

250 3918 432 3995 llunulcUS,
461 3918 526 3979 (lux
556 3918 761 3981 Normanniae
791 3923 823 3982 ct
852 3917 1054 4001 Aquitanniae
1083 3922 1115 3979 ct
1144 3936 1247 3978 comcs

280 4054 286 4083 ¹
306 4055 320 4100 l
333 4052 427 4100 Chron.
440 4053 508 4099 Mon.
522 4052 610 4100 Glouc.
622 4054 670 4098 241
683 4052 754 4114 (Rea.
765 4051 856 4114 Com).

278 4131 348 4177 ’An
371 4129 475 4178 evideut
497 4130 619 4177 omission
642 4130 709 4177 heac.
746 4128 800 4177 Tha
822 4133 884 4177 next
906 4130 966 4177 writ
986 4131 1056 4190 infra
1080 4125 1167 4175 shows
1187 4126 1248 4174 that

247 4212 260 4231 ‘⁸
268 4204 450 4255 molendinos'’
463 4205 484 4253 is
497 4206 541 4252 the
552 4203 661 4251 omit-tad
672 4203 751 4251 word.

279 4287 289 4317 ³
309 4287 320 4331 l
336 4284 429 4333 Cliton.
445 4285 512 4331 Mon.
527 4283 614 4331 Glouc.
628 4283 675 4329 241
689 4278 861 4343 (livosum).
