3000 4972
622 536 774 581 sarrana.
1136 514 1196 578 151

191 686 309 754 curavi.
354 688 458 754 Causa
470 688 573 774 igitur
586 689 645 754 bac
666 690 701 754 in
723 687 852 775 publica
866 687 986 774 synodo
1001 688 1035 752 in
1054 688 1195 752 medium

190 797 336 878 deducta,
350 799 514 884 pradictus
529 799 599 863 illas
621 799 700 864 duas
722 798 867 864 ecclesias
889 800 1025 864 ecclesia
1042 801 1194 864 Glouces·

190 909 259 974 triae
275 910 406 975 donatas
422 911 518 975 fuisse
533 910 761 975 rationabiliter
774 917 843 975 tam
858 917 1018 975 cartarum
1029 911 1194 976 confirma·

191 1021 278 1086 tione
303 1044 399 1106 quam
423 1022 586 1105 praesentis
607 1021 720 1107 synodi
742 1022 946 1088 attestatione
969 1022 1193 1107 cognovimus,

192 1131 275 1197 unde
289 1132 391 1216 ipsam
405 1155 461 1217 per
475 1132 642 1217 cujusdam
656 1132 830 1199 violentam
845 1132 1056 1198 intrusionem
1073 1133 1193 1217 injuste

191 1243 358 1326 spoliatam
373 1243 546 1322 audientes,
561 1265 633 1307 cum
649 1243 809 1308 intrusum
831 1244 924 1308 illum
940 1244 1054 1328 saepius
1069 1243 1108 1308 ad
1123 1245 1190 1328 jus·

191 1354 297 1418 titiam
321 1354 564 1434 vocavissemus,
581 1376 639 1419 nco
661 1355 714 1419 ille
736 1376 793 1419 nec
816 1354 930 1439 aliquis
945 1376 1001 1439 pro
1025 1376 1061 1418 eo
1076 1377 1109 1419 se
1123 1355 1192 1437 jus·

191 1464 271 1529 titiae
292 1465 539 1549 praesentaverit,
553 1465 778 1530 investituram
800 1464 971 1529 earundem
994 1463 1195 1529 ecclesiarum

190 1576 299 1640 abbati
334 1582 368 1642 et
390 1576 524 1642 ecclesiae
552 1575 757 1641 Gloucestriae
788 1576 1048 1660 adjudicavimus,
1078 1582 1112 1640 et
1138 1597 1196 1661 per

189 1687 293 1752 claves
306 1686 448 1771 ipsarum
469 1687 668 1752 ecclesiarum
689 1709 763 1751 eum
784 1687 819 1750 in
840 1686 1063 1771 possessionem
1085 1707 1196 1750 earun-

190 1798 260 1864 dem
276 1799 376 1864 totius
389 1798 503 1884 synodi
517 1803 632 1863 nostra
647 1796 879 1882 adjudicatione
891 1797 1087 1863 induximus.

487 2019 687 2085 [Confirmation
703 2021 739 2084 by
750 2019 902 2086 Theobald]

234 2169 441 2251 Theobaldus,
466 2169 527 2235 Dei
547 2171 653 2254 gratia
675 2169 914 2235 cantuariensis
934 2169 1196 2256 archiepiscopus,

192 2281 372 2366 Anglorum
395 2281 524 2365 primas,
539 2288 573 2346 et
595 2282 784 2365 Apostolicae
808 2282 898 2347 Sedis
922 2281 1059 2366 legatus,
1072 2283 1196 2348 dilectis

192 2392 253 2456 sibi
272 2392 306 2455 in
326 2392 464 2456 Domino
490 2391 637 2457 omnibus
659 2393 783 2458 Sancta
798 2392 916 2458 Matris
938 2393 1086 2458 Ecclesia
1111 2394 1196 2475 filiis,

192 2502 327 2566 salutem
358 2500 393 2565 in
425 2501 564 2566 Domino
594 2509 628 2567 et
660 2503 923 2568 benedictionem.
976 2504 1196 2570 Incolumitati

192 2611 404 2692 ecclesiarum,
418 2617 451 2677 et
473 2613 544 2696 paci
570 2613 778 2697 providentes,
803 2636 839 2678 ea
861 2636 931 2698 quae
956 2614 1093 2679 ecclesiis
1118 2615 1197 2699 ipsis

192 2721 348 2787 bonorum
371 2724 550 2809 principum
571 2724 741 2807 largitione
766 2725 817 2789 vel
841 2724 1020 2790 rationabili
1045 2749 1195 2811 quorum·

191 2855 315 2918 cunque
341 2835 525 2899 executione
549 2834 760 2919 adquiruntur
785 2834 838 2918 pia
869 2834 947 2917 ipsis
983 2835 1194 2920 benignitate,

191 2945 402 3025 concedimus,
424 2951 457 3009 et
480 2945 666 3010 auctoritate
687 2951 796 3009 nostra
813 2945 1047 3011 confirmamus.
1092 2947 1195 3011 Audi·

191 3061 280 3120 entes
301 3055 408 3140 itaque
431 3056 591 3120 ecclesiam
615 3056 654 3120 de
674 3055 911 3135 Wirecesburia,
927 3061 959 3120 et
980 3055 1140 3121 ecclesiam
1156 3056 1195 3123 de

193 3166 375 3251 Langeleia,
405 3166 540 3232 ecclesia
565 3166 657 3231 Beati
680 3167 768 3231 Petri
799 3166 1004 3231 Gloucestriae
1036 3167 1106 3251 jam
1139 3168 1196 3233 diu

193 3279 329 3343 donatas
350 3278 594 3356 rationabiliter,
609 3285 642 3344 et
665 3279 726 3343 hoc
741 3278 864 3364 plenius
886 3301 925 3342 ex
945 3283 1032 3342 carta
1053 3279 1142 3363 regia
1163 3286 1196 3345 et

192 3389 289 3455 cartis
303 3389 532 3453 venerabilium
557 3389 773 3474 episcoporum
801 3389 943 3463 Roberti,
969 3388 1089 3453 scilicet
1111 3390 1194 3474 epis·

192 3500 263 3586 copi
294 3499 454 3586 quondam
479 3499 721 3578 Lincolniensis‚
744 3506 777 3564 et
802 3499 987 3579 Alexandri,
1012 3501 1195 3566 successoris

192 3611 348 3696 ejusdem,
371 3616 404 3674 et
426 3610 587 3674 reverendi
613 3610 721 3674 fratris
741 3609 843 3675 nostri
869 3609 1030 3688 Bernardi,
1057 3610 1194 3695 episcopi

195 3720 305 3787 Sancti
326 3720 443 3801 David,
462 3727 697 3804 cognoscentes,
722 3720 833 3785 deinde
855 3742 928 3784 cum
953 3719 1080 3804 quidam
1101 3744 1134 3786 se
1159 3722 1194 3785 in

192 3833 315 3897 easdem
331 3833 474 3898 ecclesias
489 3832 664 3911 intruserit,
677 3831 800 3896 easdem
815 3830 959 3895 ecclesias
976 3837 1009 3894 et
1023 3830 1057 3895 in
1068 3832 1194 3914 publica

192 3945 312 4031 synodo
326 3944 462 4010 ecclesia
473 3944 565 4009 Beati
581 3943 668 4008 Petri
683 3942 891 4027 adjudicatas,
905 3962 944 4003 ex
959 3947 1046 4005 carta
1061 3942 1194 4006 Davidis

191 4056 403 4121 archidiaconi
427 4055 672 4138 Bukinghamiae
695 4060 728 4118 et
749 4052 861 4138 synodi
883 4051 969 4147 illius
990 4052 1194 4116 attestatione

190 4174 426 4253 cognoscentes,
449 4174 481 4232 et
505 4166 628 4250 plenius
656 4164 832 4242 rescientes,
853 4162 915 4246 ipsi
935 4161 1071 4225 ecclesia
1101 4162 1195 4226 Beati

193 4279 281 4342 Petri
304 4277 507 4342 Gloucestriae
535 4276 569 4339 in
590 4276 756 4340 earundem
781 4273 979 4337 ecclesiarum
1003 4271 1194 4356 possessione
