3000 4972
661 552 772 597 asnar
794 552 832 596 11.
1183 536 1245 599 235

308 702 410 764 moalrs,
422 704 477 753 into
494 703 541 753 tho
559 703 644 767 hing's
661 705 752 753 hands.
786 705 840 754 'lhe
857 704 929 767 prior
947 704 999 754 and
1021 711 1133 756 convent
1150 721 1247 769 oppose

309 780 370 837 this,
382 781 433 830 and
445 781 507 829 sock
523 781 614 830 advice
626 781 693 830 from
704 781 831 847 'Glanvill
850 781 896 830 the
912 782 999 845 kinffs
1011 784 1141 848 justicias.
1174 785 1248 848 They

308 858 412 919 explain
432 864 459 907 to
478 859 532 906 him
552 858 621 907 their
637 859 722 922 rights
741 859 792 908 and
810 864 934 920 anatome,
946 863 998 910 and
1015 864 1076 911 seek
1094 863 1247 924 protection.

308 935 470 984 Alterwards
488 937 515 984 in
532 937 577 984 the
589 936 669 985 Conrt
680 937 709 985 ol
718 937 868 1000 ltxohcqner
878 941 907 986 at
918 939 1108 1000 westminster,
1122 939 1245 1000 Glanvill,

307 1027 342 1060 on
352 1014 528 1062 consultation
539 1014 604 1062 with
616 1015 661 1063 tho
677 1015 784 1078 bishops
803 1015 855 1063 and
875 1016 950 1064 other
963 1017 1099 1081 justiciam
1116 1018 1185 1066 atter
1201 1018 1248 1066 the

307 1103 367 1138 ease
382 1090 434 1138 had
450 1091 515 1140 been
530 1091 596 1154 fully
611 1092 750 1153 presented
768 1091 856 1141 before
873 1093 954 1152 them,
974 1094 1048 1156 gives
1063 1094 1203 1158 jndgrnent
1219 1095 1247 1143 in

308 1159 400 1217 favour
421 1169 450 1217 oi
463 1170 508 1217 the
524 1170 596 1231 prior
612 1168 663 1219 and
685 1174 804 1229 convent,
822 1169 956 1234 doolering
972 1171 1041 1220 their
1059 1172 1147 1221 affairs
1167 1174 1195 1220 to
1214 1173 1247 1222 be

308 1246 421 1310 entirely
434 1251 554 1308 separate
570 1246 636 1295 from
647 1248 693 1295 the
704 1248 815 1307 abbot’s,
827 1261 889 1296 over
900 1248 984 1296 which
995 1249 1107 1298 Thomas
1117 1249 1170 1299 had
1181 1251 1247 1300 been

309 1328 450 1390 appointed
460 1348 467 1387 ς
484 1327 536 1377 and
547 1328 660 1377 Thomas
669 1329 692 1377 is
703 1328 811 1377 ordered
820 1332 848 1377 to
859 1333 903 1378 aot
915 1329 1103 1395 accordingly]

244 1473 419 1536 Dnruucro
434 1470 547 1536 abbate
564 1473 699 1555 Rogero,
714 1475 747 1536 et
771 1471 924 1554 magistro
948 1472 1070 1536 Thema
1093 1472 1132 1537 de
1155 1473 1247 1538 Esse·

243 1583 352 1662 burne,
361 1581 472 1647 clerico
488 1581 608 1646 domini
622 1581 706 1666 regis
719 1581 852 1646 Henrioi
867 1581 1005 1664 secundi,
1016 1583 1057 1647 ad
1071 1583 1249 1648 custodien-

244 1693 317 1757 dam
341 1693 501 1758 abbatiam
525 1692 620 1758 istam
647 1693 686 1758 ab
709 1692 777 1777 ipso
800 1691 927 1758 domino
951 1715 1025 1777 rege
1053 1692 1249 1772 transmisso,

243 1803 438 1888 propositum
471 1808 520 1869 est
550 1804 641 1869 nobis
672 1803 712 1868 ab
736 1802 845 1868 eodem
868 1803 989 1868 Thema
1010 1805 1093 1888 quod
1114 1805 1249 1888 justicia

243 1914 364 1978 domini
386 1913 470 1998 regis
492 1913 521 1978 ei
543 1913 750 1998 injunxerant
771 1919 889 1978 uttam
905 1914 1099 1979 obedientias
1115 1922 1248 1995 nostras,

244 2022 551 2108 quampossessiones
560 2025 600 2089 ad
609 2047 763 2089 cameram
772 2024 896 2089 abbatis
905 2024 1250 2109 pertinentes,inmanu

243 2136 364 2199 domini
380 2136 462 2221 regis
478 2135 608 2201 saisiret.
632 2135 722 2200 Prior
738 2158 810 2201 vero
824 2141 857 2200 et
872 2147 1045 2201 conventus
1060 2136 1092 2201 id
1108 2137 1250 2222 graviter

244 2247 390 2328 ferentes,
404 2254 437 2313 et
452 2249 490 2313 de
512 2248 619 2312 futuro
634 2247 750 2311 damno
765 2252 798 2312 et
812 2247 948 2332 periculo
964 2247 1068 2332 magis
1089 2247 1249 2329 timentes,

245 2359 420 2426 instantius
435 2358 638 2443 postulabant
653 2363 691 2423 ut
713 2358 860 2422 saisinam
882 2357 969 2422 illam
991 2359 1131 2425 differret
1153 2360 1251 2425 donec

244 2495 337 2556 supcr
350 2471 409 2535 hoc
423 2493 496 2533 cum
510 2468 647 2553 justiciis
661 2467 757 2553 loqui,
773 2475 805 2533 et
820 2468 864 2534 eis
878 2469 931 2552 jus
945 2469 1158 2553 antiquitatis,
1168 2469 1251 2554 quod

244 2604 264 2645 a
279 2588 418 2664 tempore
432 2578 515 2662 regis
531 2577 689 2656 Edwardi,
703 2578 737 2640 in
753 2577 939 2643 obedientiis
961 2578 1076 2642 nostris
1097 2578 1193 2643 libere
1215 2585 1250 2643 et

244 2691 349 2776 quiete
364 2712 419 2773 per
433 2712 564 2753 manum
579 2694 719 2752 nostram
734 2688 920 2766 tractandis,
935 2688 1097 2753 ostendere
1111 2694 1249 2772 possent.

288 2803 337 2865 De
358 2799 519 2865 communi
539 2799 645 2883 itaque
659 2797 788 2863 oonsilio
803 2798 947 2862 misimus
961 2798 1113 2862 domnum
1128 2798 1248 2863 Nicho-

244 2913 339 2990 laum,
363 2911 496 2996 priorem
527 2914 682 2989 nostmm,
704 2931 777 2974 cum
807 2908 996 2993 quibusdam
1027 2909 1186 2989 fratribus,
1208 2910 1249 2974 ad

246 3022 443 3088 Rannulfum
457 3022 496 3086 de
511 3019 682 3099 Glanvilla‚
694 3019 749 3104 qui
762 3018 970 3111 justiciarium
984 3024 1174 3104 potestatem
1190 3019 1249 3084 sub

244 3157 318 3219 rege
339 3135 375 3197 in
396 3139 465 3197 toto
488 3153 585 3215 regno
606 3131 732 3215 agebat,
756 3135 794 3194 ut
816 3129 845 3195 ei
866 3129 1105 3195 consuetudines
1126 3137 1249 3195 nostras

244 3244 415 3329 diligenter
440 3243 514 3307 viva
535 3263 611 3306 voce
633 3246 832 3326 exponerent,
848 3245 881 3306 et
907 3263 946 3306 ne
968 3241 1129 3306 occasione
1154 3241 1249 3327 regia

244 3354 393 3421 custodiae
415 3358 624 3433 mutarentur,
639 3358 695 3417 aut
716 3351 931 3429 turbarentur,
954 3351 1107 3417 attentius
1129 3351 1249 3436 suppli·

244 3470 362 3531 carent.

288 3579 371 3641 Cum
387 3600 458 3640 vcro
474 3575 512 3640 ad
537 3574 734 3639 Rannulfum
755 3574 794 3639 dc
817 3572 977 3638 Glanvilla
998 3573 1037 3637 ad
1059 3571 1248 3637 scaccarium

245 3690 328 3772 apud
344 3687 661 3752 westmonasterium
677 3685 847 3765 venissent,
863 3692 895 3750 ct
910 3684 939 3750 ei
953 3684 1114 3748 libertates
1125 3688 1248 3747 nostras

245 3805 277 3863 et
292 3796 532 3863 consuetudines
546 3796 669 3881 plenius
691 3796 911 3873 insinuassent,
935 3793 1124 3871 Rannulfus,
1140 3792 1249 3857 habita

245 3933 337 3994 super
348 3910 405 3972 hoc
419 3907 640 3972 deliberatione
655 3930 727 3972 cum
739 3907 891 3992 episcopis
906 3912 939 3970 ct
954 3904 1023 3969 aliis
1036 3903 1184 3987 justiciis,
1193 3902 1248 3986 qui

245 4020 272 4084 ei
289 4020 328 4083 ad
343 4017 531 4082 scaccarium
546 4017 736 4096 assidebant,
751 4018 873 4081 decreto
888 4015 987 4079 totius
1002 4013 1094 4077 curiae
1108 4034 1247 4096 pronun-

245 4129 341 4194 tiavit
361 4127 484 4192 nullum
498 4126 562 4212 jus,
576 4126 681 4191 nullas
695 4126 945 4202 eonsuetudines,
962 4145 1039 4208 quas
1055 4123 1088 4187 in
1103 4121 1247 4187 obedien-

245 4242 300 4307 tiis
315 4238 431 4305 nostris
447 4237 486 4302 ab
508 4237 639 4323 antiquo
660 4236 840 4316 habuimus,
855 4235 959 4320 aliquo
981 4233 1116 4298 obtcntu
1136 4232 1248 4298 debere
