3000 4972
654 545 797 590 muman
820 545 845 590 1.
1207 524 1247 588 57

303 723 460 806 [ΒοΒΕῙιτ,
483 740 546 786 rau
569 721 764 802 Drsrursnn,
786 743 814 785 o.
839 721 986 784 Gmanar
1008 739 1050 784 nu
1074 719 1193 802 Gann]

288 884 337 948 De
352 882 534 967 calumpnia
549 905 644 967 quam
669 883 828 947 Robcrtus
843 881 1042 965 dispensator
1058 880 1135 944 facit
1157 902 1251 963 super

244 993 458 1060 Gislebertum
481 992 520 1057 dc
547 993 636 1057 Gant
662 993 700 1057 de
724 992 804 1057 silva
828 1015 897 1077 quae
922 998 969 1056 cst
990 992 1024 1056 in
1052 993 1250 1076 Langctone‚

243 1106 322 1171 dicit
338 1105 539 1188 Waragehou
555 1109 716 1189 wapentac
734 1103 819 1188 quod
834 1104 944 1167 Tonna
956 1102 1093 1168 habebat
1108 1109 1249 1186 tempore

245 1216 328 1300 regis
343 1214 491 1279 Edwardi
506 1236 579 1279 oum
591 1237 662 1278 saca
677 1221 710 1279 et
725 1236 796 1279 soca
807 1214 841 1278 in
857 1214 1038 1297 Badeburg‚
1054 1219 1086 1279 et
1100 1213 1168 1278 ideo
1178 1213 1251 1298 juro

246 1327 342 1392 hahet
358 1325 554 1390 Gislebertus
569 1325 607 1391 de
620 1325 725 1405 Gand,
740 1331 901 1390 annuente
917 1329 985 1389 toto
1000 1324 1139 1409 treding.

378 1756 535 1840 [Rouana
557 1775 622 1819 rua
638 1756 833 1833 Drsransnm
855 1776 884 1817 v.
908 1754 979 1817 Tus
1004 1753 1122 1838 ΚΜ]

294 1917 343 1981 De
363 1917 444 1982 silva
462 1916 589 1982 minuta
608 1939 705 2002 quam
731 1915 849 1981 clamat
875 1915 1033 1980 Robertus
1054 1915 1253 2000 dispensator

249 2051 343 2113 super
357 2050 463 2112 regem
479 2028 513 2091 in
529 2027 701 2106 Gaintone,
716 2032 749 2092 et
764 2048 857 2110 super
880 2026 1016 2109 Ernegis
1031 2026 1069 2090 de
1091 2026 1202 2089 Burun
1218 2025 1252 2088 in

249 2138 432 2222 Waragebi‚
448 2138 528 2201 nihil
544 2137 589 2202 ibi
612 2138 708 2202 habet
729 2136 949 2201 testimonium
971 2143 1144 2220 wapentac.
1190 2135 1253 2200 Sed

249 2270 343 2333 super
358 2248 439 2312 XII.
455 2270 542 2313 acras
556 2247 682 2312 comitis
699 2247 861 2330 Hugonis,
881 2254 914 2312 et
937 2270 1031 2331 super
1046 2246 1148 2311 VIII.
1164 2269 1253 2311 acras

249 2359 385 2444 episcopi
397 2358 586 2433 Baioccnsis,
600 2359 695 2423 habet
710 2381 814 2424 socam
829 2381 884 2443 per
905 2359 1125 2424 testimonium
1148 2358 1251 2422 homi·

251 2494 329 2536 num
344 2478 506 2556 wapentac
522 2477 555 2536 et
570 2471 707 2555 treding.

395 2909 623 2993 [Ancunrsuoe
646 2905 782 2968 Tnouas
806 2925 833 2968 a.
858 2900 1120 2985 IvoTarna01s.]

298 3071 347 3134 De
370 3069 549 3154 calumpnia
573 3089 666 3152 qnam
683 3064 932 3149 archiepiscopus
948 3063 1085 3128 Thomas
1109 3063 1255 3144 faciebat,

255 3183 312 3246 hoc
327 3188 375 3245 est
389 3179 472 3264 quod
489 3178 621 3242 debebat
636 3176 749 3240 habere
764 3197 866 3238 socam
880 3197 973 3258 super
989 3180 1105 3238 terram
1116 3174 1254 3240 Siouard

255 3291 458 3358 antecessoris
474 3289 582 3353 Ivonis
602 3287 774 3364 Tallehoso,
795 3285 872 3349 dicit
885 3294 1047 3370 wapentac
1070 3292 1102 3350 et
1124 3286 1254 3370 treding

255 3402 336 3489 quod
355 3401 489 3465 Siuuanl
514 3408 580 3463 tam
595 3398 674 3462 bene
689 3395 795 3461 tenuit
809 3402 926 3460 terram
942 3417 1030 3459 suam
1048 3417 1121 3460 cum
1138 3419 1208 3461 saca
1223 3402 1256 3461 et

255 3538 334 3594 soca,
351 3513 432 3577 sicut
446 3510 610 3575 Goduinus
625 3515 801 3573 antecessor
815 3504 1048 3590 archiepiscopi,
1063 3512 1096 3570 et
1114 3506 1181 3572 idco
1191 3530 1255 3571 non

254 3634 338 3694 recto
353 3625 477 3688 clamat.

403 4075 630 4157 [Ascnmsnor
652 4071 789 4133 'lnouas
813 4089 838 4130 c.
864 4066 987 4128 Brsnor
1012 4062 1110 4143 Ouo]

301 4235 563 4319 Archiopiscopos
593 4231 730 4295 Thomas
766 4227 859 4291 debet
890 4224 1001 4288 habore
1032 4243 1136 4286 socam
1168 4239 1260 4302 supcr
