3000 4972
606 576 715 619 111111
740 577 775 621 11.
1154 559 1217 620 191

213 723 402 788 testimoniis
411 746 484 788 vera
498 747 563 790 esse
577 725 754 810 intelligere
766 727 926 811 potuimus
937 727 1056 812 dejure
1068 727 1217 792 (1111111-

213 835 326 899 1111111
348 835 482 900 ecclesiae
505 835 538 899 in
564 837 625 901 hiis
640 839 741 913 terris,
755 837 900 903 videlicet
916 838 1071 917 Stanedis,
1088 839 1217 917 Lecche,

212 950 245 1010 et
260 945 426 1013 Otintona.
473 946 635 1031 Siquidem
650 949 844 1013 cronicorum
859 949 1069 1014 recordatione
1084 956 1117 1013 et
1139 971 1217 1033 prar-

212 1054 406 1120 decessorum
436 1063 613 1121 nostrorum
642 1058 844 1123 attestatione
872 1059 1038 1124 didicimus
1069 1060 1216 1125 Glauces·

211 1171 348 1231 trensem
370 1166 530 1232 ecclesiam
555 1191 575 1231 a
599 1168 708 1233 diebus
733 1169 872 1254 antiquis
895 1169 929 1233 in
954 1170 1016 1234 hiis
1030 1169 1216 1255 supradictis

210 1276 302 1341 terris
327 1277 421 1342 finisse
445 1279 619 1356 fundatam,
641 1284 674 1344 et
699 1301 810 1363 regum
834 1279 1025 1345 Mereiorum
1048 1279 1216 1365 largitione

210 1387 272 1451 hiis
287 1388 437 1452 dotatam.
483 1389 613 1453 Cunctis
633 1388 729 1454 etiam
752 1389 861 1454 diebus
883 1390 998 1455 nostris
1021 1389 1158 1455 vidimus
1182 1396 1216 1455 et

210 1498 416 1583 cognovimus
429 1499 560 1564 eandem
576 1500 846 1566 Gloucestrensem
867 1500 1026 1566 ecelesiam
1049 1500 1214 1585 1111111111-

210 1616 300 1675 natas
315 1616 413 1675 terras
427 1610 573 1676 continue
595 1635 692 1696 usque
716 1612 810 1677 hodie
832 1612 1013 1697 possedisse,
1028 1618 1061 1676 et
1082 1634 1162 1690 earn,
1176 1616 1214 1677 ut

209 1721 357 1802 diximus,
372 1722 412 1786 ab
427 1722 561 1787 exordiis
575 1723 639 1786 suis
660 1723 696 1787 in
710 1723 771 1787 hiis
795 1724 960 1788 fundatam
984 1723 1088 1788 fuisse.
1136 1722 1214 1787 Haec

208 1833 255 1897 111
276 1839 417 1898 constare
438 1834 701 1918 quemadmodum
723 1842 832 1899 vestrae
856 1833 1044 1898 sublimitati
1067 1832 1212 1918 suggeri·

209 1966 290 2022 mus,
303 1945 397 2027 juxta
411 1950 522 2008 vestrae
537 1943 731 2009 discretionis
744 1943 963 2009 auctoritatem
985 1949 1018 2008 et
1039 1942 1213 2028 prudentia

208 2052 482 2138 dispensationem,
497 2054 626 2139 probare
640 2055 742 2140 parati
756 2078 874 2121 sumus.
919 2052 1034 2119 Valeat
1047 2077 1102 2139 per
1115 2053 1212 2138 longa

208 2173 349 2249 tempora
370 2165 410 2230 ad
435 2166 585 2230 honorem
618 2165 762 2230 Ecclesiae
794 2188 857 2229 sua
877 2163 1018 2249 piissima
1039 2163 1212 2249 paternitas

207 2281 322 2355 vestra,
338 2278 409 2342 ete.¹

250 2497 339 2561 Patri
365 2520 420 2562 suo
443 2503 476 2563 et
489 2498 617 2562 domino
636 2498 768 2561 Summo
783 2494 930 2560 Pontifici
944 2495 1100 2578 Eugenio,
1113 2495 1211 2560 irater

208 2607 371 2685 Ricardus,
386 2607 626 2673 Eveshamensis
640 2606 773 2672 ecclesiae
794 2605 897 2670 dietus
919 2605 1013 2690 prior,
1026 2611 1059 2670 et
1081 2604 1210 2669 humilis

205 2718 346 2801 ejusdem
361 2717 494 2782 eeclesiae
509 2723 691 2797 conventus,
701 2717 842 2782 debitum
858 2716 892 2779 in
906 2715 1051 2780 omnibus
1062 2714 1207 2779 obedien·

205 2828 258 2893 111
281 2829 478 2894 famulatum.
524 2831 681 2908 Fratrum,
706 2827 842 2906 domine,
866 2826 995 2891 caritate
1024 2823 1209 2890 commoniti

205 2937 422 3003 testimonium
445 2940 556 3003 damus
585 2938 722 3018 veritati,
747 2937 950 3003 testificamtes
987 2959 1058 2999 cum
1094 2933 1207 2998 fiducia

205 3049 288 3134 quod
323 3049 364 3113 ab
400 3049 462 3112 illis
484 3056 567 3114 certa
588 3049 737 3114 relatione
772 3047 987 3132 cognovimus,
1009 3045 1048 3110 de
1073 3067 1205 3129 quorum

204 3159 336 3245 probata
359 3159 509 3245 religione
535 3184 597 3225 nou
622 3159 814 3224 dubitamus.
859 3157 991 3222 Constat
1015 3154 1100 3221 enim
1121 3154 1204 3240 quod

204 3271 343 3336 maneria
374 3270 428 3334 illa
464 3294 533 3356 quaa
568 3269 630 3335 sibi
650 3269 797 3335 vendicat
817 3267 963 3333 dominus
991 3264 1205 3346 Eboraeensis,

204 3381 321 3446 scilicet
351 3381 480 3460 Leoche,
512 3380 668 3460 Stanedis,
689 3385 722 3445 et
755 3378 919 3456 Otintone,
956 3376 996 3440 ad
1027 3374 1203 3441 dominium

205 3491 453 3557 Glaucestreusis
468 3492 600 3557 ecelesiae
614 3492 652 3556 de
666 3488 811 3575 legitima
821 3487 942 3552 ratione
964 3486 1152 3571 pertineant,
1166 3507 1203 3550 ea

203 3624 338 3687 namque
362 3602 422 3667 sibi
447 3602 585 3685 alonge
611 3600 773 3667 retroactis
796 3597 988 3683 temporibus
1012 3595 1203 3661 Merciorum

203 3710 380 3794 principum
402 3712 569 3796 largitione
592 3713 720 3790 donata,
735 3709 855 3774 cunctis
880 3708 989 3792 utique
1007 3705 1116 3770 dicbus
1130 3705 1204 3771 vitre

202 3825 316 3884 nostrae
330 3821 374 3885 sic
388 3821 493 3886 tenuit
507 3830 544 3887 ut
566 3845 673 3888 eorum
696 3819 888 3906 possessione
910 3816 1069 3894 continua,
1083 3837 1141 3880 noc
1164 3813 1204 3879 sd

204 3937 399 3995 momontum
423 3931 589 4016 aliquando
620 3931 772 3996 destituta
796 3929 848 3993 111.
904 3927 981 3991 Haec
1005 3926 1102 4008 vulgo
1127 3929 1204 3988 nota

202 4047 288 4120 sunt,
300 4041 435 4126 adeoque
451 4040 596 4105 omnibus
612 4041 674 4104 ista
683 4039 853 4104 inculcavit
866 4036 1049 4121 antiquitas,
1060 4040 1098 4097 ut
1110 4030 1203 4116 pauci

201 4149 267 4215 sint
282 4151 365 4236 apud
381 4174 437 4217 nos
452 4150 506 4235 qui
520 4172 584 4216 non
598 4152 664 4227 hac
677 4173 695 4214 a
710 4147 851 4235 patribus
870 4147 978 4212 audita
999 4140 1204 4226 cognoverint
