3000 4972
605 553 714 598 unsar
738 554 774 597 11.
1152 524 1215 596 1⁷7

206 704 315 785 quenti
331 708 364 767 et
378 703 467 767 inani
481 703 679 789 fatigatione.
724 705 806 769 Cum
822 704 923 787 igitur
932 704 1001 788 jam
1023 703 1105 767 nihil
1128 707 1209 767 esset

205 813 239 877 in
269 837 330 899 quo
358 815 564 880 recordationi
587 815 815 901 prosecutionis
837 838 937 879 causae
966 815 1065 899 possit
1096 813 1208 878 merito

205 925 386 1004 contradici,
396 926 483 990 ouria
493 927 622 1010 regiain
632 926 778 991 omnibus
791 925 1208 1012 testimoniumperhibente,

205 1058 244 1099 ex
258 1036 342 1119 regis
357 1034 559 1121 permissione
574 1036 726 1120 leguntur
741 1038 774 1101 in
789 1038 932 1102 omnium
947 1037 1107 1102 audientia
1118 1058 1206 1121 cyro·

205 1147 327 1229 grapha
341 1146 510 1230 emptionis
531 1155 564 1212 et
588 1147 776 1225 donationis,
792 1147 844 1213 sed
871 1155 904 1212 et
926 1154 1019 1212 cartae
1042 1146 1206 1210 confirma·

205 1257 341 1323 tionum.
388 1257 514 1323 Quibus
546 1281 619 1321 oum
656 1257 732 1342 quid
757 1259 956 1343 responderet
980 1280 1053 1342 pars
1078 1257 1208 1321 adversa

206 1368 311 1432 miuus
335 1369 473 1447 haberet,
503 1367 680 1433 Gilebertus
703 1368 741 1434 de
768 1368 885 1433 Baillol'
906 1391 945 1433 ne
969 1367 1049 1432 nihil
1073 1367 1207 1451 objicere

205 1479 376 1554 videretur,
392 1503 424 1543 se
439 1479 697 1563 praedecessorum
713 1502 840 1543 suorum
862 1479 1058 1564 cyrographo
1073 1477 1206 1556 audisse,

206 1589 259 1653 sed
274 1589 362 1653 nulla
375 1590 552 1673 sigillorum
567 1589 749 1653 testimonia
763 1589 798 1653 in
813 1588 857 1654 eis
872 1612 904 1654 ss
914 1611 1049 1674 appensa
1059 1594 1207 1654 causatur

205 1679 319 1766 viderei
365 1701 469 1765 Quem
484 1700 611 1764 intuens
626 1700 676 1765 vir
690 1700 878 1784 magnificus
893 1723 928 1764 ao
944 1699 1080 1784 prudens
1096 1699 1205 1763 Ricar-

205 1812 264 1877 dus
292 1814 331 1877 de
361 1814 441 1879 Luci
470 1814 569 1898 ipsius
595 1813 718 1878 abbatis
742 1814 848 1894 frater,
871 1820 950 1878 tuno
975 1812 1096 1878 domini
1121 1813 1206 1896 regis

204 1923 334 2007 justicia
348 1924 459 2007 prima,
474 1923 587 2008 quaerit
600 1929 710 1988 utrum
724 1924 789 2008 ipse
805 1924 948 2008 sigillum
964 1925 1086 1989 habeat.
1133 1923 1206 1990 Quo

205 2040 361 2098 asserente
398 2058 431 2099 se
466 2034 609 2119 sigillum
638 2035 762 2115 habere,
791 2035 955 2100 subridens
985 2036 1033 2100 vir
1063 2034 1206 2114 illustris,

205 2144 369 2223 “Moris”
385 2145 499 2228 inquit,
516 2143 723 2228 “antiquitus
748 2167 810 2208 non
834 2151 902 2209 erat
925 2144 1098 2229 quemlibet
1122 2144 1205 2208 mili-

205 2253 309 2319 tulum
324 2254 467 2338 sigillum
481 2255 605 2333 habere,
621 2254 703 2340 quod
718 2255 846 2339 regibus
855 2260 888 2320 et
902 2255 1067 2340 praecipuis
1076 2260 1207 2320 tantum

205 2366 356 2450 competit
371 2366 520 2449 personis,
536 2388 592 2430 nec
613 2365 816 2449 antiquorum
843 2367 1037 2450 temporibus
1063 2366 1207 2431 homines

205 2485 243 2540 ut
272 2498 357 2540 nuno
385 2476 557 2542 causidicos
593 2474 644 2539 vel
673 2475 847 2541 incredulos
876 2476 999 2540 malitia
1025 2477 1208 2541 reddebat.’'

206 2587 350 2671 Cumque
374 2586 605 2651 confirmationi
634 2586 765 2651 Henrioi
791 2586 886 2670 regis¹
911 2587 1040 2650 senioris
1065 2587 1206 2671 oalump-

204 2697 291 2761 niam
306 2697 461 2761 niteretur
476 2697 590 2762 inferre
604 2697 687 2761 idem
705 2697 893 2775 Gilebertus,
909 2719 1048 2761 asserens
1059 2697 1205 2762 abbatem

203 2816 237 2872 et
258 2809 425 2873 monachos
440 2807 568 2872 domino
582 2808 650 2891 regi
665 2830 729 2871 non
745 2831 801 2891 pro
816 2808 964 2892 aequitate
990 2807 1044 2870 sed
1067 2830 1123 2890 pro
1149 2830 1204 2871 vo·

204 2920 327 2983 luntate
341 2941 429 3004 posse
451 2919 644 3003 persuadere,
659 2917 805 2981 dominus
827 2941 881 2981 rex
903 2916 1036 3001 propriis
1059 2917 1204 2982 manibus

204 3036 323 3094 cartam
338 3034 371 3094 et
385 3029 527 3112 sigillum
543 3027 594 3092 avi
620 3026 670 3090 sui
693 3026 777 3110 regis
803 3026 935 3090 Henrici
959 3028 1203 3110 apprehendens,

204 3141 290 3206 etad
311 3140 445 3204 eundem
469 3138 667 3204 Gilebertum
688 3160 866 3216 conversus,
882 3138 972 3201 “Per
993 3137 1132 3218 oculos,’'
1155 3140 1204 3204 in-

126 3326 129 3331 ,
205 3253 284 3337 quit,
300 3257 321 3288 “
331 3252 402 3330 Dei,
425 3252 452 3315 si
476 3256 595 3314 cartam
620 3250 703 3313 hano
727 3249 838 3312 falsam
864 3250 1063 3333 comprobare
1089 3274 1205 3335 posses,

204 3363 329 3427 lucrum
342 3360 427 3426 mille
442 3360 592 3424 librarum
608 3360 686 3423 mihi
707 3359 741 3422 in
760 3358 880 3441 Anglia
903 3359 1088 3425 conferres.”
1144 3361 1205 3426 Illo

204 3475 244 3538 ad
267 3474 342 3552 haec,
358 3478 414 3536 aut
429 3493 539 3555 parum
556 3477 612 3534 aut
628 3468 707 3533 nihil
723 3469 941 3553 respondente,
957 3493 1011 3534 rex
1033 3471 1206 3536 subintulit

205 3585 335 3649 verbum
351 3581 551 3647 memoriale:
574 3586 594 3617 “
608 3580 676 3659 Si,’'
692 3580 808 3664 inquit,
821 3583 841 3614 “
851 3580 996 3644 monachi
1006 3581 1205 3663 persimilem

205 3700 323 3759 cartam
353 3698 386 3757 et
414 3691 686 3757 confirmationem
714 3686 897 3773 hujusmodi
919 3691 973 3773 jus
996 3691 1030 3754 in
1057 3693 1204 3776 praesenti

204 3805 270 3869 loeo
285 3803 404 3869 scilicet
418 3802 624 3879 Clarendona,
640 3799 916 3884 quamplurimum
927 3800 1036 3884 diligo,
1047 3824 1080 3866 se
1091 3802 1205 3867 habere

203 3921 331 4001 possent
352 3913 524 3991 ostendere,
550 3911 630 3975 nihil
655 3917 736 3975 esset
759 3910 793 3973 in
819 3933 881 3994 quo
907 3911 951 3974 eis
972 3912 1058 3994 juste
1081 3935 1205 3997 possem

202 4025 425 4101 contradicere,
440 4045 502 4107 quo
517 4022 623 4086 minus
634 4021 679 4086 eis
688 4020 816 4085 omnino
828 4019 1075 4085 dimitteretur.”
1121 4023 1204 4087 Con·

237 4182 244 4213 ¹
261 4187 316 4235 'l'ha
326 4184 451 4234 donatiou
462 4183 513 4235 had
523 4184 590 4232 boen
607 4182 749 4232 oonfimod
767 4183 803 4246 by
815 4168 905 4247 Heniy
917 4186 979 4233 Las
996 4186 1055 4234 wall
1072 4200 1102 4234 as
1112 4186 1148 4248 by
1160 4186 1206 4235 tho

203 4265 257 4314 carl
269 4264 300 4313 of
313 4265 361 4313 Idu.
394 4262 489 4311 chron.
501 4259 571 4310 Mon.
583 4261 616 4310 de
628 4261 707 4316 Bello,
720 4259 776 4309 105.

1054 4370 1077 4414 N
