3000 4972
612 548 723 594 nunni
747 550 784 594 11.
1134 535 1196 595 229

206 739 292 820 [Tun
316 739 408 802 Kruo
431 759 458 802 v.
484 738 626 818 Rosnnr,
650 741 742 804 Eunu
757 759 797 804 os
814 741 1008 805 Lnionsrns.
1056 743 1180 823 1177.]¹

192 898 318 963 [Williom
330 900 360 948 ot'
368 900 404 959 (1.,
416 900 539 962 homoger
550 901 579 949 os
587 901 632 951 tho
644 901 794 962 defendant,
806 907 905 952 osserts
917 906 945 951 to
956 902 1002 952 tho
1013 903 1078 966 iring
1090 904 1149 952 thot
1161 903 1195 952 ho

254 979 388 1040 (Willism)
400 979 483 1040 ought
494 983 523 1027 to
533 978 595 1027 hold
605 979 646 1027 his
658 979 733 1028 lunds
750 979 780 1028 of
795 980 839 1028 the
850 979 914 1042 king
926 980 953 1027 in
964 980 1042 1036 obius,
1055 981 1156 1030 insteud
1168 980 1198 1028 of

254 1055 361 1117 holding
372 1057 443 1104 them
460 1056 490 1104 os
498 1056 542 1106 tho
559 1057 750 1116 defendentes
766 1058 799 1106 he
813 1072 868 1106 was
886 1059 972 1120 doing.
1006 1058 1061 1107 The
1075 1059 1139 1120 king
1150 1074 1194 1107 so·

254 1134 389 1196 oordingly
400 1149 532 1183 summons
544 1136 590 1183 tho
601 1136 751 1195 defendant,
762 1136 814 1183 ond
826 1137 853 1183 in
864 1151 965 1184 onswor
976 1140 1004 1184 to
1015 1136 1060 1184 the
1071 1136 1148 1184 eloim
1160 1137 1193 1184 ho

253 1211 366 1259 declines
373 1215 401 1259 to
413 1216 516 1260 oontest
528 1211 574 1260 tho
585 1217 683 1261 msttor
689 1212 752 1260 with
763 1212 808 1260 the
819 1212 891 1275 king,
899 1213 1000 1275 though
1009 1212 1141 1274 assorting
1151 1213 1193 1262 his

255 1289 322 1337 title.
356 1289 409 1337 The
421 1288 491 1351 king,
503 1289 594 1336 moved
606 1290 641 1352 by
653 1290 698 1338 the
709 1289 872 1338 defendant’s
884 1304 993 1347 answer,
1006 1290 1080 1351 gives
1099 1305 1134 1351 up
1151 1290 1194 1338 his

254 1365 331 1413 oloim
348 1370 376 1414 to
394 1367 438 1414 the
458 1370 612 1425 tenemento,
630 1367 768 1429 retaining,
788 1367 915 1425 however,
930 1370 983 1414 two
1002 1367 1104 1414 oustlss.
1137 1367 1193 1416 'rhu

253 1443 317 1503 king
328 1444 383 1491 nlso
394 1444 478 1505 yields
489 1448 517 1491 to
529 1444 574 1491 tho
586 1443 685 1507 finding
695 1444 725 1492 of
738 1459 772 1492 on
789 1444 941 1506 inquisition
958 1443 988 1492 os
999 1444 1044 1492 the
1055 1447 1152 1508 oounty
1163 1460 1192 1493 ss

254 1525 282 1569 to
293 1521 369 1568 other
380 1521 455 1569 lsnds
467 1521 494 1568 in
506 1521 598 1569 favour
609 1521 639 1570 of
647 1522 692 1570 the
703 1520 865 1584 defendent]

188 1666 230 1730 In
252 1665 359 1729 eodem
376 1688 447 1729 vero
471 1664 616 1729 coneilio²
631 1665 811 1729 Willelmus
834 1665 872 1729 de
897 1666 1087 1731 Chahannes
1112 1667 1191 1731 inti·

188 1781 330 1839 maverat
345 1774 423 1859 regi,
439 1776 522 1860 quod
538 1775 604 1860 ipse
628 1776 754 1841 deberet
777 1776 816 1840 de
839 1799 875 1841 eo
901 1783 1007 1842 tenere
1033 1778 1066 1841 in
1091 1778 1192 1862 eapite

188 1886 351 1951 baroniam
377 1909 480 1966 suem,
504 1910 599 1972 quam
623 1888 661 1953 de
692 1887 831 1952 Roberto
866 1888 982 1954 comite
1013 1889 1192 1954 Leioestriae

188 1999 325 2062 tenebat.
373 2000 450 2064 Haee
465 2006 571 2063 autem
594 1999 726 2077 dicebat,
742 2021 838 2083 pravo
863 2023 938 2063 usus
963 2000 1102 2079 oonsilio,
1118 2001 1192 2084 quia

187 2108 256 2193 regi
282 2109 403 2193 plaeere
428 2110 538 2189 voluit,
564 2109 618 2194 qui
644 2110 809 2175 domiuum
833 2134 925 2175 suum
950 2112 1019 2175 odio
1043 2111 1191 2176 habebat.

189 2221 331 2305 Cumque
345 2221 512 2306 predictus
527 2244 630 2287 eomes
646 2221 824 2286 Leieestriae
839 2223 877 2286 ad
893 2222 976 2287 diem
1003 2221 1063 2310 sibi
1089 2228 1191 2287 statu·

188 2337 259 2397 tum
273 2355 329 2417 per
344 2333 428 2417 regis
454 2333 732 2399 summonitionem
756 2316 904 2412 venisset,
928 2340 961 2398 et
984 2355 1057 2398 eum
1083 2334 1192 2397 omnia

188 2466 256 2527 qum
279 2444 427 2508 adversus
452 2465 525 2508 eum
547 2443 754 2527 loquebantur
777 2443 995 2521 auscultasset,
1020 2442 1191 2527 respondit,

188 2552 270 2636 quod
285 2552 431 2637 quamvis
445 2553 683 2636 praedecessores
698 2553 756 2630 sui,
770 2575 905 2635 proavus
919 2551 1039 2617 seilicet
1056 2557 1089 2616 et
1111 2575 1190 2614 avus

188 2686 272 2740 sum,
282 2669 314 2726 et
324 2668 505 2746 paterenus,
517 2669 550 2726 et
561 2663 693 2745 ipsemet
704 2662 856 2726 haberent
867 2666 969 2725 cartas
980 2668 1013 2726 et
1024 2661 1191 2745 privilegia

188 2795 297 2856 regum
326 2772 462 2855 Angliae,
487 2772 642 2836 willelmi
666 2772 785 2836 seilicet
810 2778 843 2835 et
872 2771 1002 2835 Henriei
1026 2771 1132 2855 primi,
1153 2772 1191 2835 de

188 2883 280 2947 terris
295 2883 370 2962 suis,
381 2889 415 2947 et
430 2882 617 2946 nominatim
634 2883 671 2946 de
687 2883 815 2945 baronia
831 2882 895 2961 illa,
908 2888 941 2945 et
955 2881 1100 2964 quamvis
1112 2904 1189 2965 prm·

188 2995 360 3058 decessores
384 2993 539 3058 Willelmi
569 2992 607 3055 de
633 2992 817 3056 Cliahannis
843 2992 1004 3056 baronium
1034 2992 1120 3056 illam
1152 2992 1191 3057 de

187 3104 460 3189 prodecessoribus
474 3105 538 3168 suis
550 3104 860 3188 semperineoneusse
870 3103 1064 3180 tenuissent;
1088 3103 1190 3166 noluit

187 3223 294 3279 tamen
321 3221 430 3278 eontra
453 3214 537 3297 regis
552 3214 759 3292 voluntatem,
782 3234 881 3296 neque
904 3212 943 3277 de
966 3233 1002 3276 eo
1027 3234 1128 3296 neque
1152 3211 1191 3275 de

188 3327 249 3391 alio
264 3332 445 3391 tenemento
460 3325 628 3410 placitsre3
652 3325 705 3389 sed
729 3323 892 3402 consessit,
907 3330 944 3387 ut
966 3323 999 3386 id
1025 3329 1057 3387 et
1083 3322 1190 3386 omnis

187 3438 249 3502 alia
258 3445 438 3502 tenemento
448 3461 505 3501 sua
518 3443 623 3501 essent
637 3436 671 3499 in
686 3435 896 3499 miserioordia
908 3434 1001 3517 regis.
1046 3434 1191 3516 Cumque

188 3572 242 3613 rex
257 3549 393 3613 audisset
408 3572 482 3613 eum
506 3549 553 3613 ita
577 3547 629 3632 pie
652 3547 841 3630 loquentem,
857 3549 1033 3609 commotus
1059 3543 1189 3627 pietate,

188 3659 325 3722 reddidit
340 3660 368 3723 ei
383 3659 489 3723 omnia
512 3664 693 3722 tenemento
718 3679 784 3735 sua,
799 3657 833 3719 in
857 3656 1031 3738 integrum,
1047 3654 1129 3718 sieut
1152 3677 1190 3718 ea

187 3769 300 3833 habuit
314 3768 492 3853 quindecim
507 3769 616 3834 diebus
631 3771 705 3831 ante
719 3787 893 3850 gwerram3
917 3765 970 3829 sed
985 3787 1040 3828 rex
1055 3762 1189 3826 retinuit

189 3879 222 3943 in
248 3902 345 3942 manu
368 3901 424 3942 suo
447 3879 612 3943 castellum
635 3876 674 3940 de
700 3875 876 3953 Munsorel‚
901 3880 935 3939 et
957 3872 1118 3937 castellum
1149 3871 1188 3936 ds

188 3990 299 4074 Pasey‚
330 4012 399 4073 quse
427 3989 489 4052 duo
518 3986 714 4052 solummodo
743 3990 957 4050 remanserant
992 3982 1112 4047 stantis
1149 3980 1188 4046 de

351 4179 358 4210 ¹
378 4175 392 4222 1
406 4172 573 4232 Benedictus,
586 4170 667 4221 Gesta
678 4171 802 4229 Hsn.11.,
815 4170 863 4218 138
876 4167 947 4230 (Boo.
959 4163 1052 4230 Com).

350 4251 362 4284 ²
380 4252 417 4300 At
428 4249 631 4312 Northemmon,
643 4249 711 4297 nster
722 4249 780 4297 Jan.
793 4248 831 4305 13,
844 4243 916 4297 1177.
