3000 4972
645 550 753 596 usnnr
776 550 814 595 11.
1160 530 1220 593 201

227 697 288 762 His
303 700 405 766 verbis
420 724 473 767 rex
491 701 722 787 aliquantulum
736 710 920 781 commotus,
930 701 1076 786 praecepit
1090 709 1127 766 ut
1141 701 1225 785 apud

226 812 422 877 oxenesorde
436 813 551 878 iterum
565 813 873 898 Walingefordenses
889 820 921 877 et
936 813 1037 876 omnis
1057 812 1225 877 comitatus

227 923 420 988 Berehescire
429 945 531 987 coram
546 922 681 1008 justiciis
693 923 756 986 suis
768 923 987 1001 convenirent;
1003 929 1084 988 etex
1095 929 1226 1007 utraque

225 1039 313 1116 parte
336 1032 470 1097 seniores
494 1032 554 1096 viri
576 1032 775 1116 eligerentur,
797 1033 862 1116 qui,
884 1034 1055 1097 secundum
1077 1032 1161 1118 quod
1181 1031 1226 1097 eis

226 1164 334 1205 verum
360 1143 527 1222 videretur,
541 1166 597 1227 pro
621 1143 688 1206 foro
712 1142 955 1207 Abbendonensi
978 1143 1130 1227 jurarent.
1173 1140 1228 1207 Ita

226 1259 334 1316 tamen
348 1260 385 1317 ut
406 1253 445 1317 dc
466 1253 593 1317 abbatia
614 1253 719 1316 nullus
740 1253 778 1317 de
799 1251 978 1337 jurantibus
999 1258 1090 1332 esset,
1106 1274 1145 1317 ne
1160 1274 1227 1314 sus-

227 1362 405 1446 picarentur
427 1362 531 1447 aliqua
555 1363 593 1427 de
619 1385 710 1426 causa
735 1361 813 1427 velle
838 1364 988 1447 pejorare.
1036 1363 1130 1428 Quod
1155 1384 1228 1426 cum

176 1558 179 1563 ἡ
229 1473 422 1557 praecepisset
438 1497 490 1538 rex
502 1500 511 1551 3
535 1473 573 1536 ad
600 1471 808 1537 saresberiam
830 1475 987 1557 profectus
1009 1479 1065 1552 est,
1082 1472 1228 1537 omnibus

227 1583 363 1666 justiciis
376 1583 440 1647 suis
455 1584 494 1647 ad
510 1583 699 1647 audiendum
715 1583 841 1647 relictis.

273 1694 468 1778 congregati
498 1700 573 1758 sunt
601 1716 676 1778 ergo
705 1700 743 1758 ut
771 1717 824 1758 rex
852 1694 987 1778 jusserat
1015 1693 1153 1760 universi
1164 1720 1173 1773 3
1197 1700 1230 1760 et

229 1804 396 1888 segregati,
412 1804 466 1889 qui
480 1805 633 1888 jurarent,
642 1804 771 1869 diversis
787 1803 984 1888 opinionibus
999 1828 1124 1869 causam
1139 1827 1229 1869 suam

230 1914 472 1978 confundebant.
504 1913 809 1980 Walinkefordenses
824 1914 908 1978 enim
924 1937 1085 2000 nunquam
1098 1914 1230 1981 Henrici

230 2023 313 2108 regis
328 2024 456 2088 senioris
479 2031 617 2108 tempore
633 2031 744 2109 praeter
757 2047 870 2109 panem
885 2024 934 2089 vel
957 2025 1119 2090 cervisiam
1136 2023 1230 2090 vcndi
1374 2089 1375 2092 ,

231 2135 265 2198 in
286 2134 495 2200 Abbendonia
515 2133 685 2218 jurabant,
711 2135 977 2200 oxenefordenses
1000 2159 1071 2201 vero
1090 2138 1176 2219 (nam
1198 2141 1231 2200 et

231 2244 292 2328 ipsi
305 2244 468 2330 jurabant)
486 2267 517 2309 se
540 2251 711 2309 mercatum
726 2244 807 2308 inibi
821 2245 1002 2330 ampliorem
1024 2246 1152 2327 caeteris,
1166 2269 1231 2311 nou

231 2362 338 2419 autem
363 2354 503 2439 plenum,
533 2361 571 2418 ut
596 2354 630 2418 in
659 2354 793 2419 navibus
823 2355 970 2420 onerariis
999 2363 1031 2422 et
1060 2357 1231 2441 quadrigis,

231 2465 345 2530 vidisse
361 2464 526 2529 dicebant:
551 2464 605 2550 qui
620 2487 691 2530 vero
707 2466 745 2530 de
760 2466 911 2530 comitatu
929 2466 1089 2551 jurabant,
1103 2466 1231 2552 plenum

233 2574 375 2638 omnium
398 2598 499 2639 rerum
515 2581 688 2639 mereatum
702 2575 816 2640 vidisse
827 2598 859 2640 se
874 2576 1068 2655 asserebant3
1092 2578 1131 2642 de
1142 2578 1231 2643 navi·

232 2684 290 2748 bus
312 2691 442 2750 tantum
468 2683 627 2762 onerariis,
641 2708 697 2769 per
718 2708 832 2770 aquam
858 2685 1002 2749 'l'amisiae
1028 2686 1233 2766 currentibus,

233 2794 424 2859 dubitabant
432 2821 441 2872 ;
466 2793 579 2859 abbate
593 2800 700 2860 tamen
716 2794 848 2858 navibus
863 2795 926 2859 suis
941 2797 980 2861 ad
995 2819 1032 2861 ea
1053 2819 1121 2880 qua
1138 2797 1233 2862 vellet

232 2911 350 2970 utente.
397 2906 510 2970 Comes
526 2911 631 2969 autem
649 2906 862 2989 legecestriae,
879 2907 933 2990 qui
951 2907 1077 2990 justitia
1090 2913 1123 2971 et
1135 2908 1233 2991 judex

234 3017 351 3095 aderat,
373 3038 479 3079 eorum
504 3015 614 3079 videns
636 3015 796 3099 opiniones
817 3016 946 3095 variare,
961 3016 1040 3080 nibil
1062 3040 1153 3101 super
1174 3019 1234 3081 hoc

234 3126 373 3211 judicare
395 3125 592 3210 praesumpsit
603 3152 612 3204 3
646 3126 700 3190 sed
726 3126 766 3190 ad
792 3148 898 3210 regem
922 3127 1088 3211 protectus,
1113 3128 1143 3192 ei
1165 3151 1233 3213 quae

237 3245 328 3321 gesta
347 3238 473 3302 fuerant
502 3237 663 3302 indicavit.
708 3238 760 3302 Ne
789 3244 896 3302 tamen
925 3262 979 3303 rex
1005 3240 1042 3304 de
1066 3241 1109 3304 rei
1138 3241 1234 3325 hujus

235 3349 366 3413 veritate
394 3348 510 3412 inscius
535 3347 704 3426 dubitaret,
730 3347 813 3412 idem
829 3371 930 3412 comes
953 3349 1080 3433 plenum
1104 3350 1234 3416 Henrici

235 3459 317 3544 regis
339 3466 479 3544 tempore
494 3482 526 3523 se
540 3465 674 3524 testatus
689 3464 737 3523 est
750 3458 864 3523 vidisse
878 3468 1070 3539 mereatum
1093 3469 1135 3540 et,
1151 3461 1235 3545 quod

237 3571 366 3635 ulterius
388 3577 446 3649 est,
462 3593 533 3634 cum
549 3570 650 3633 adhue
665 3592 741 3653 puer
756 3576 846 3649 esset,
861 3576 894 3634 et
908 3571 991 3656 apud
1005 3571 1235 3637 Abbendonam

239 3681 410 3745 nutriretur
446 3680 529 3763 regis
550 3679 703 3744 Willelmi
732 3686 882 3764 tempore.
929 3682 997 3745 Rex
1020 3689 1127 3745 autem
1151 3680 1235 3746 tanti

235 3790 295 3852 viri
310 3790 490 3854 testimonio
506 3789 687 3868 delectatus,
699 3791 769 3874 plus
784 3791 842 3854 soli
856 3814 964 3856 verum
978 3791 1095 3855 dicenti
1110 3791 1235 3856 creden·

236 3901 313 3964 dum
339 3900 479 3978 sentivit,
494 3921 588 3983 quam
603 3899 712 3963 multis
738 3923 793 3984 per
817 3901 1050 3966 contentionem
1071 3901 1235 3965 averitate

236 4009 493 4075 discordantibus.

284 4123 409 4185 Interea
434 4144 507 4204 rege
528 4122 613 4207 apud
635 4119 816 4202 Radingam
837 4119 1001 4201 existente,
1024 4127 1237 4185 convenerunt
1333 4180 1336 4184 .

239 4233 278 4296 ad
303 4255 375 4297 eum
401 4231 523 4315 praefati
552 4227 801 4308 calumniatores,
825 4230 963 4294 dicentes
992 4253 1025 4295 se
1054 4231 1122 4312 ejus
1145 4231 1236 4295 villas
