3272 5112
377 649 439 707 aad
622 662 753 706 enacim
778 661 1125 707 auem-uonnmurca.

684 872 786 959 [Cass
808 893 847 936 or
871 873 1079 960 A1nwann.]¹

381 1023 510 1086 [Ailrcard
520 1023 614 1071 breaks
630 1023 687 1072 into
699 1037 715 1070 a
726 1023 891 1086 neighbour's
903 1023 991 1082 house,
1004 1025 1030 1072 in
1043 1022 1088 1072 the
1099 1023 1208 1072 owner²s
1219 1025 1338 1082 absence,
1357 1029 1386 1074 to

446 1099 539 1150 collect
555 1103 681 1162 psyment
697 1099 727 1148 os
742 1115 758 1146 a
776 1099 847 1148 debt.
882 1100 965 1161 Bsing
982 1099 1140 1160 discovered,
1159 1100 1192 1149 hs
1212 1101 1279 1158 flees,
1291 1100 1344 1149 and
1364 1101 1387 1148 is

446 1177 544 1239 caught
562 1179 598 1240 by
609 1178 649 1226 his
669 1177 762 1226 dcbtor
781 1177 834 1225 and
853 1177 939 1224 bound
959 1192 989 1226 as
1006 1193 1022 1225 n
1039 1179 1103 1225 “tur
1119 1177 1297 1226 manifestus.”
1332 1178 1388 1224 The

447 1257 554 1303 amount
573 1253 604 1303 oi
622 1254 667 1301 the
685 1253 748 1302 debt
764 1254 842 1315 being
862 1254 946 1314 small,
957 1255 1002 1301 the
1014 1254 1114 1311 debtor,
1125 1269 1159 1301 on
1171 1254 1321 1317 suggestion
1333 1255 1364 1302 cs
1372 1269 1388 1302 a

448 1333 535 1394 public
553 1345 661 1379 accuser
678 1346 708 1379 nr
719 1345 874 1390 summouet,
885 1331 978 1378 named
998 1331 1069 1389 rulo,
1086 1331 1152 1380 adds
1171 1331 1247 1379 other
1265 1331 1386 1380 eriminal

449 1411 565 1471 charges,
587 1424 617 1457 so
633 1423 664 1457 ss
683 1411 711 1457 to
731 1409 833 1472 subject
851 1408 897 1457 the
914 1408 1056 1456 defendant
1077 1413 1105 1456 to
1121 1409 1278 1456 mntssetinn.
1313 1407 1390 1455 Atter

449 1486 649 1549 imprisoument
671 1485 711 1532 scr
732 1499 749 1532 a
765 1484 942 1534 mnsiderable
959 1484 1024 1533 time
1043 1484 1129 1534 before
1142 1484 1289 1547 jndgmsnt,
1306 1483 1341 1531 he
1364 1483 1387 1530 is

451 1563 543 1628 finally
549 1562 679 1626 adjudged
691 1568 718 1612 to
730 1562 846 1626 undergo
856 1563 903 1611 the
913 1562 1001 1612 ordeal
1014 1563 1044 1612 os
1051 1565 1140 1612 water.
1165 1563 1205 1611 He
1216 1563 1240 1611 is
1251 1561 1388 1612 convictsd

451 1639 674 1698 mutuatantes]

388 1751 567 1839 Arnwsebo
590 1773 713 1838 vicinus
742 1773 910 1837 tenebatur
941 1774 974 1836 in
1006 1795 1159 1850 numm03
1192 1794 1286 1856 quem
1316 1792 1391 1834 cum

388 1892 552 1968 repeteret,
579 1890 612 1947 et
640 1883 693 1947 ille
722 1883 842 1947 solvere
864 1889 1031 1962 recusaret,
1055 1889 1160 1947 motus
1183 1883 1229 1946 ira
1258 1880 1390 1944 domum

389 1992 551 2071 debitoris,
575 2014 670 2076 quam
695 2015 763 2057 sera
786 1992 924 2057 exterius
947 1992 1142 2076 dependente
1164 1993 1203 2056 ad
1226 1991 1392 2055 tabernam

389 2103 549 2184 digressus
579 2101 810 2180 obfirmaverat,
840 2101 1028 2185 irrumpens,
1067 2125 1167 2166 seram
1206 2102 1239 2164 in
1275 2101 1396 2184 pignus

390 2211 517 2289 avulsit,
533 2216 718 2294 arreptaque
733 2210 829 2274 simul
845 2218 914 2275 cote
936 2211 1080 2295 apposite
1101 2217 1186 2275 tecto
1209 2233 1297 2289 casae,
1321 2232 1394 2274 cum

391 2321 514 2386 terebro
528 2320 790 2404 chirothecisque,
806 2320 960 2386 discessit.
1004 2321 1202 2385 Nuntiatum
1218 2327 1267 2386 est
1287 2329 1393 2386 autem

392 2431 540 2515 spueris,
555 2431 610 2516 qui
631 2431 714 2495 infra
734 2431 865 2496 domum
887 2432 1042 2498 ludebant
1064 2433 1189 2512 inclusi,
1212 2432 1392 2516 patrifami-

392 2543 462 2622 lias,
485 2542 561 2627 quia
583 2543 743 2607 confracte
757 2542 859 2621 deuio,
876 2542 1126 2629 supellectilique
1139 2543 1274 2627 direpta,
1289 2547 1397 2627 raptor

394 2653 581 2720 abscederet.
628 2653 693 2719 Qui
714 2653 877 2719 insecutus
897 2675 969 2718 eum
985 2654 1233 2738 comprehendit,
1247 2661 1281 2718 et
1294 2660 1398 2717 cotem

395 2789 414 2830 a
443 2787 540 2830 manu
562 2763 733 2848 bajulantis
756 2769 945 2848 extorquens
977 2770 1073 2847 caput
1095 2764 1285 2829 vulneravit.
1329 2765 1396 2827 Ex-

396 2883 558 2962 tracthue
595 2874 723 2940 cultello
760 2875 924 2938 brachium
963 2873 1164 2960 transfigens,
1198 2897 1270 2939 eum
1306 2873 1399 2957 quasi

397 2989 497 3053 furem
515 2986 720 3051 manifestum
738 3007 811 3049 eum
828 2991 978 3068 concepto
994 2984 1079 3048 furto
1096 2985 1261 3049 reductum
1283 2984 1401 3068 ligavit

398 3099 432 3162 in
462 3097 555 3162 domo
584 3118 679 3182 quam
709 3095 856 3180 fregerat.
911 3095 1124 3160 concurrente
1154 3103 1263 3159 autem
1293 3093 1398 3171 turba,

399 3231 472 3274 cum
495 3207 673 3291 apparitore
699 3206 847 3285 Fulcoue,
873 3206 947 3291 quia
971 3228 1019 3270 res
1042 3204 1161 3270 furtiva
1186 3205 1280 3290 pretii
1305 3204 1401 3268 unius

400 3316 524 3382 nummi
557 3316 717 3380 hominem
751 3337 814 3378 non
837 3315 975 3393 mutilat,
999 3321 1188 3400 suggestum
1212 3321 1260 3380 est
1282 3315 1322 3378 ab
1344 3335 1400 3397 ap-

401 3427 538 3511 paritore
559 3431 596 3489 ut
619 3426 739 3490 furtum
762 3427 855 3490 rebus
877 3426 957 3505 aliis,
980 3425 1069 3511 quasi
1091 3425 1229 3505 furtivis,
1246 3429 1377 3509 augeret
1389 3449 1400 3501 ς

402 3535 485 3620 quod
511 3541 544 3599 et
569 3536 689 3599 factum
713 3542 771 3598 est.
818 3535 925 3599 Posita
947 3542 996 3600 est
1018 3535 1124 3618 itaque
1144 3535 1239 3618 juxta
1263 3533 1401 3618 ligatum

404 3643 560 3709 sarcinula
585 3641 727 3728 pellium,
749 3643 846 3722 laenae,
868 3643 970 3724 lintei,
995 3653 1089 3729 togae,
1112 3668 1187 3709 cum
1212 3645 1403 3707 ferramento

342 3749 344 3754 ’
405 3751 489 3838 quod
525 3751 710 3836 volgonium
747 3751 865 3837 vulgus
909 3755 1056 3837 appellat.
1113 3756 1242 3820 Postera
1277 3753 1328 3818 die
1365 3753 1406 3818 ad

405 3863 621 3948 cognitionem
644 3861 774 3926 Ricardi
798 3863 962 3950 eujusdam
986 3864 1179 3929 vicecomitis
1204 3863 1407 3947 militumque

407 3975 576 4042 comitatus
608 3997 681 4038 cum
703 3973 852 4060 praedicto
875 3975 1033 4040 sarcinula
1054 3975 1168 4039 ductus
1193 3980 1251 4053 est,
1282 3995 1350 4057 quae
1372 3981 1407 4039 ct
1439 3993 1445 4002 ·

379 4137 381 4140 -
406 4087 486 4154 collo
501 4086 569 4174 ejus
583 4108 719 4172 appensa
731 4069 792 4152 cst.
838 4087 889 4151 Ne
904 4093 1012 4150 autem
1036 4085 1074 4150 de
1100 4108 1133 4150 re
1151 4085 1246 4149 dubia
1269 4083 1408 4168 precipi-

444 4301 451 4334 ¹
472 4299 598 4349 lliraoula
618 4301 645 4350 S.
663 4301 776 4360 Thomas,
798 4300 847 4350 156
867 4301 938 4362 (Rcc.
959 4299 1029 4348 Gom.
1049 4299 1182 4348 Materiale
1203 4298 1242 4348 t'or
1264 4297 1366 4360 history
1384 4295 1416 4344 ot

409 4377 496 4426 arehb.
510 4377 626 4438 Becket).
