3000 4972
662 533 771 578 unsar
796 534 834 578 11.
1182 516 1245 578 239

244 689 380 773 Illcgga‚
402 691 436 752 et
458 686 540 771 quod
556 692 606 752 est
629 685 663 750 in
684 684 847 750 hundredo
867 683 991 751 abbatis
1019 684 1144 768 [Sancti
1167 685 1249 750 AEd·

244 799 372 882 mnndi]
384 847 393 876 ,
432 796 569 881 contigit
605 797 673 862 fieri
709 796 925 862 homicidium.
985 796 1140 862 Homines
1175 821 1248 862 vero

244 907 466 993 archiepiscopi
487 909 657 973 noluerunt
678 907 754 992 pati,
771 914 807 971 ut
828 907 876 971 illi
892 908 1046 972 homicide
1068 914 1188 972 starent
1210 909 1250 972 ad

244 1028 364 1086 rectum
395 1020 428 1082 in
457 1019 543 1083 curia
567 1019 677 1096 Sancti
708 1018 893 1084 AEdmundi.
939 1018 1048 1083 Abbas
1074 1042 1146 1084 vero
1176 1041 1250 1083 con·

245 1138 373 1217 questus
399 1137 446 1195 cst
477 1130 543 1215 regi
575 1131 714 1195 chrieo
743 1131 860 1209 dicens,
890 1130 972 1215 quod
1002 1129 1250 1215 archiepiscopus

247 1243 447 1308 Baldcwinus
477 1241 665 1306 vendicabat
694 1241 755 1305 sibi
784 1241 945 1306 libertates
976 1241 1101 1305 ecclesie
1135 1249 1251 1319 nostre,

246 1359 379 1438 optentu
408 1358 492 1417 carte
522 1375 602 1417 nove
632 1375 726 1437 quam
757 1375 811 1416 rex
841 1351 969 1415 dederat
1005 1351 1131 1416 ecclesie
1165 1353 1249 1416 Can·

246 1464 398 1530 tuariensi
424 1469 496 1548 post
522 1470 655 1527 mortem
673 1464 783 1527 Sancti
806 1463 935 1526 Thome.
982 1463 1050 1525 Rex
1074 1469 1181 1526 autem
1205 1485 1252 1527 re·

247 1575 386 1661 spondit,
412 1599 443 1639 sc
471 1597 632 1660 nunquam
658 1574 767 1640 fecisse
794 1579 912 1638 cartam
931 1573 1067 1658 aliquam
1092 1574 1123 1636 in
1148 1573 1251 1658 preju-

247 1688 364 1752 dicium
395 1687 521 1751 ecclesie
551 1692 668 1765 nostre,
694 1709 751 1751 nce
781 1685 900 1769 aliquid
920 1686 1036 1749 Sancto
1066 1684 1251 1749 AEdmundo

248 1797 329 1862 velle
353 1796 485 1876 auferre,
512 1796 594 1881 quod
618 1795 732 1861 habere
755 1795 885 1860 solebat.
932 1796 1004 1860 Quo
1026 1795 1147 1877 audito,
1169 1795 1252 1859 dixit

248 1908 346 1973 abbas
360 1907 545 1972 consiliariis
568 1906 700 1992 privatis
722 1906 808 1971 suis:
831 1909 853 1942 “
866 1906 980 1970 Sanius
1003 1905 1170 1971 consilium
1192 1912 1251 1986 est,

248 2023 287 2082 ut
315 2017 566 2103 archiepiscopus
600 2022 809 2101 conqueratur
837 2016 876 2081 de
908 2039 969 2097 me,
999 2038 1096 2100 quam
1125 2039 1184 2102 ego
1214 2017 1252 2082 de

249 2128 489 2214 archiepiscopo.
534 2128 616 2193 Volo
632 2150 807 2213 meponere
822 2127 855 2191 in
872 2127 1021 2192 saisinam
1042 2126 1137 2212 hujus
1159 2128 1251 2194 liber·-

249 2241 336 2320 tatis,
348 2245 462 2325 etpost
476 2263 527 2305 me
541 2239 708 2305 defendam
723 2262 796 2304 cum
811 2239 929 2304 auxilio
943 2239 1052 2305 Sancti
1064 2239 1253 2320 AEdmundi,

250 2350 341 2433 eujus
352 2351 406 2433 jus
421 2350 479 2414 hoo
495 2372 560 2415 csse
576 2354 660 2414 carte
676 2355 781 2413 nostre
804 2350 997 2414 testantur.'’
1042 2349 1155 2414 Subito
1178 2373 1254 2433 ergo

251 2484 375 2524 summo
387 2483 489 2539 mane,
502 2467 688 2544 procurante
702 2459 840 2524 Roberto
856 2461 894 2524 de
904 2460 1065 2539 Cokescld‚
1078 2460 1165 2524 missi
1178 2468 1254 2525 sunt

251 2570 376 2634 circiter
391 2578 502 2653 quater
518 2570 592 2634 XX.
609 2571 753 2634 homines
768 2571 883 2635 armati
899 2570 938 2634 ad
955 2570 1062 2634 villam
1078 2570 1251 2656 deIlegga,

251 2685 284 2743 et
305 2702 343 2743 ex
365 2678 526 2763 inopinato
542 2692 691 2762 oeperunt
706 2679 776 2743 illos
797 2686 861 2744 tres
883 2679 1055 2743 homicidas
1078 2686 1111 2745 et
1132 2681 1248 2765 ligatos

253 2789 411 2853 duxerunt
431 2787 471 2851 ad
493 2789 645 2852 Sanctum
668 2788 898 2867 AEdmundum,
915 2795 947 2854 et
970 2790 1004 2852 in
1027 2790 1163 2855 fundum
1186 2814 1252 2855 car·

251 2901 328 2965 ceris
351 2899 558 2985 projecerunt.
598 2900 816 2983 conquerente
837 2898 911 2964 inde
931 2898 1171 2985 archiepiscopo,
1188 2903 1253 2967 Ra·

252 3011 358 3075 nulfus
374 3011 412 3075 de
431 3009 591 3074 Glanvilla
608 3010 803 3094 justiciarius
825 3011 972 3095 precepit,
989 3018 1027 3075 ut
1041 3013 1184 3078 homines
1206 3014 1254 3078 illi

251 3127 441 3208 ponerentur
456 3143 511 3205 per
526 3119 653 3185 vadium
669 3125 702 3185 et
723 3119 844 3205 plegios
859 3119 899 3184 ad
914 3122 1061 3186 standum
1077 3123 1117 3187 ad
1132 3132 1253 3190 rectum

252 3233 386 3298 incuria
400 3256 461 3317 qua
476 3232 625 3297 deberent
640 3239 732 3310 stare,
748 3238 781 3296 et
799 3232 1009 3297 summonitus
1024 3240 1073 3298 est
1088 3234 1194 3317 abbas,
1217 3244 1254 3302 ut

252 3345 375 3410 veniret
397 3343 436 3408 ad
463 3342 581 3408 curiam
606 3343 700 3426 regis,
728 3365 933 3428 responsurus
958 3343 997 3407 de
1023 3344 1054 3409 vi
1075 3351 1108 3410 et
1127 3345 1254 3431 injuria,

252 3480 347 3542 quam
363 3455 526 3520 dicebatur
544 3454 652 3519 fecisse
675 3453 914 3538 archiepiscopo.
960 3454 1069 3519 Abbas
1093 3479 1164 3523 vero
1186 3458 1254 3524 sine

252 3567 339 3631 omni
362 3565 473 3631 exonio
492 3588 524 3630 se
546 3565 663 3649 pluries
685 3566 888 3648 presentavit.
934 3567 1075 3631 Tandem
1091 3568 1124 3631 in
1140 3569 1253 3654 Capite

254 3677 373 3760 Jejunii
388 3683 545 3742 steterunt
560 3699 664 3742 coram
680 3699 754 3761 rege
775 3676 807 3739 in
823 3677 962 3763 capitulo
978 3680 1208 3760 cantuariensi,
1221 3687 1255 3747 et

252 3788 332 3852 lecte
357 3792 435 3851 sunt
458 3787 563 3872 palam
588 3794 674 3853 carte
700 3788 900 3853 ecclesiarum
925 3790 998 3853 hinc
1024 3797 1056 3854 et
1082 3791 1166 3856 inde.
1210 3793 1255 3856 Et

253 3897 413 3982 respondit
427 3898 574 3961 dominus
590 3921 665 3963 rex:
690 3904 710 3934 “
720 3898 787 3964 Iste
802 3906 887 3964 carte
902 3900 1039 3982 ejusdem
1055 3902 1255 3985 antiquitatis

254 4014 329 4074 sunt
344 4015 376 4074 et
391 4009 430 4072 ab
446 4008 553 4072 eodem
570 4031 642 4093 rege
659 4009 828 4075 AEdwardo
844 4014 1003 4074 emanant.
1048 4011 1163 4075 Nescio
1179 4013 1255 4093 quid

253 4122 375 4186 dicam:
398 4119 461 4183 nisi
475 4124 513 4183 ut
534 4125 618 4183 carte
640 4119 679 4182 ad
702 4118 837 4183 invicem
860 4120 1038 4203 pugnent.''
1082 4121 1142 4186 Cui
1158 4123 1255 4188 abbas

252 4232 352 4296 dixit:
391 4228 583 4313 “Quicquid
619 4228 658 4292 de
689 4229 784 4293 cartis
821 4229 953 4307 dicatur,
984 4251 1040 4293 nos
1076 4231 1108 4294 in
1140 4233 1255 4299 saisina
