3000 4972
634 580 745 626 nnunr
767 582 809 627 11.
1155 566 1217 627 213

216 728 361 812 quemvis
370 729 616 815 archiepiscopus
627 733 780 797 niteretur
786 732 943 816 judicium
953 731 1032 796 illud
1043 732 1217 814 falsificare,

214 847 323 905 tamen
340 863 439 924 prece,
456 846 487 905 et
504 841 632 905 consilio
644 842 795 906 baronum
804 844 911 928 posuit
919 866 951 908 se
963 843 997 907 in
1008 843 1219 908 misericordie

215 951 300 1035 regis
315 950 353 1014 de
368 950 552 1034 quingentis
567 951 666 1030 libris,
681 958 714 1016 et
729 953 852 1018 invenit
867 953 895 1017 ei
915 953 988 1017 inde
1014 953 1217 1036 fidejussores.

214 1065 259 1126 Et
273 1062 317 1125 sic
333 1084 352 1124 a
366 1061 452 1125 curia
463 1062 606 1126 recedens
622 1061 661 1125 ad
676 1062 850 1147 hospitium
863 1086 955 1127 snum
965 1063 1036 1142 ivit,
1048 1070 1080 1128 et
1091 1070 1219 1148 propter

214 1173 292 1236 irem
308 1177 341 1235 et
356 1170 608 1255 indignationem
625 1195 720 1255 quam
735 1173 769 1237 in
783 1174 889 1239 animo
904 1180 1087 1258 conceperat
1100 1174 1218 1239 decidit

214 1283 248 1347 in
262 1305 392 1367 gravem
408 1282 639 1364 egritudinem.

246 1420 300 1468 'l'he
317 1419 448 1482 following
458 1434 517 1469 case
535 1419 627 1468 should
643 1420 676 1468 be
692 1419 755 1468 reed
772 1420 800 1469 in
816 1420 960 1471 connexion
980 1420 1044 1470 with
1062 1421 1108 1470 the
1124 1422 1214 1483 above,

214 1497 260 1547 the
271 1498 474 1547 circumstances
485 1497 564 1559 being
574 1497 739 1547 continucus.

326 2002 410 2082 [Tne
434 2001 527 2066 Kree
548 2024 576 2067 ο.
599 2001 735 2066 'l’nonns
758 2001 780 2064 l
803 2003 944 2065 Bnosnr.
991 2002 1113 2082 1164]ι

215 2161 341 2227 [Thomas
353 2164 376 2212 is
387 2179 445 2211 now
457 2164 608 2213 summoned
620 2168 648 2212 nt
656 2164 701 2212 the
712 2164 766 2212 snit
777 2164 807 2211 cl
813 2163 860 2212 the
871 2164 935 2226 king
945 2167 974 2211 to
982 2178 1090 2221 snswer,
1098 2162 1144 2211 the
1152 2165 1216 2211 next

278 2240 337 2303 day,
349 2256 366 2289 a
376 2240 469 2303 cherge
481 2241 516 2306 by
527 2242 573 2290 the
583 2242 663 2291 latter
673 2242 703 2290 of
711 2241 867 2303 peculetion,
878 2241 966 2289 heloro
976 2241 1017 2289 his
1028 2239 1215 2299 consecretiom

278 2318 309 2366 oi
316 2317 361 2366 the
371 2333 495 2367 novennes
506 2319 536 2366 oi
543 2319 589 2368 the
601 2334 694 2367 erowu.
728 2319 839 2367 Thomas
847 2318 947 2367 essoins
955 2318 1063 2366 himself
1065 2333 1098 2366 on
1107 2320 1218 2365 noscunt

277 2394 308 2442 oi
316 2394 441 2454 siclrness,
453 2395 539 2444 which
549 2395 596 2443 the
607 2396 678 2457 king,
688 2410 721 2442 on
733 2395 846 2456 inqniry,
859 2395 925 2441 finds
937 2400 965 2442 ιο
976 2395 1009 2442 bo
1020 2394 1089 2453 renl;
1107 2393 1159 2442 and
1170 2393 1217 2442 the

277 2486 336 2520 cese
348 2472 370 2520 is
381 2472 525 2534 postponet]
536 2487 553 2519 a
564 2472 623 2534 day.
656 2472 726 2520 Next
737 2472 789 2534 day
802 2478 816 2519 a
829 2472 925 2520 Becket
944 2471 1068 2533 proceeds
1088 2474 1116 2519 to
1132 2473 1214 2529 court,

277 2548 401 2610 carrying
411 2564 427 2595 e
438 2548 553 2596 crucifix.
586 2548 663 2595 Alter
673 2548 813 2609 epponling
826 2552 854 2596 tc
873 2548 917 2596 the
937 2562 1010 2609 pepe,
1029 2548 1063 2596 he
1080 2548 1177 2610 alleges
1188 2548 1216 2595 in

277 2625 382 2673 desenco
394 2631 422 2673 ιο
432 2625 479 2673 the
490 2626 576 2674 oetion
588 2625 647 2672 thet
659 2624 691 2673 he
702 2624 755 2672 hed
771 2624 896 2673 rendered
908 2625 956 2672 full
966 2630 1077 2673 account
1093 2639 1215 2673 concern·

278 2702 322 2763 ing
341 2702 387 2749 the
406 2716 530 2749 novennes
551 2702 577 2748 in
595 2701 716 2762 question
731 2701 819 2749 before
835 2700 876 2748 his
895 2701 1073 2750 consecretien
1092 2714 1123 2749 ns
1142 2700 1214 2749 erch-

277 2777 376 2838 bishop,
398 2777 450 2824 end
472 2776 572 2824 refuses
591 2782 619 2823 to
638 2790 748 2824 answor.
780 2776 836 2824 The
853 2777 917 2839 iring
936 2776 1001 2825 calls
1018 2777 1058 2824 for
1076 2777 1216 2840 jndgment

277 2854 312 2916 by
330 2853 372 2901 his
399 2853 510 2911 bnrcns3
543 2853 595 2900 end
612 2852 674 2914 they
692 2853 772 2913 going
792 2855 846 2909 out,
868 2856 989 2901 sentence
1009 2852 1056 2900 the
1072 2851 1215 2901 defendant

276 2934 304 2977 ιο
320 2929 525 2991 imprisonment.
558 2928 598 2977 He
616 2928 743 2990 prohibits
764 2928 899 2977 execution
914 2928 999 2977 nithe
1015 2932 1145 2988 sentence,
1163 2928 1215 2977 end

276 3003 411 3069 escapes.]

213 3122 311 3187 Quen
327 3143 399 3184 eum
414 3119 482 3202 regi
498 3124 664 3197 constaret,
676 3124 713 3182 ut
728 3141 800 3183 eum
815 3117 918 3202 magis
929 3117 1093 3200 affligeret,
1104 3117 1215 3182 stetim

212 3230 299 3295 misit
321 3230 361 3294 nd
378 3252 461 3307 eum,
477 3234 510 3293 et
524 3227 722 3293 summonuit
737 3250 810 3293 cum
824 3250 879 3312 per
896 3227 994 3292 bonos
1008 3228 1215 3294 summonito-

210 3366 268 3422 res,
285 3342 368 3427 quod
378 3342 411 3405 in
424 3340 560 3405 crastino
571 3340 716 3418 venisset,
726 3344 855 3424 paratus
866 3339 991 3404 reddere
1001 3339 1048 3402 illi
1059 3339 1214 3405 rationem

212 3453 413 3519 villicationis
429 3476 501 3532 suae,
517 3474 613 3536 quam
627 3449 739 3515 habuit
754 3450 788 3513 in
803 3472 900 3535 regno
924 3472 982 3514 suo
1006 3456 1081 3514 ante
1107 3472 1214 3515 conse·

211 3565 380 3629 cretionem
405 3586 505 3627 suam.
549 3561 811 3645 Arehiepiscopus
841 3569 958 3639 eutem,
995 3561 1095 3626 sciens
1132 3563 1216 3646 quod

211 3696 308 3757 grave
323 3674 351 3737 ei
367 3673 548 3738 immineret
573 3671 796 3736 exterminium
812 3671 839 3734 si
855 3671 888 3734 in
904 3671 988 3735 curia
1014 3672 1119 3738 venire
1142 3696 1214 3757 pre·

210 3790 360 3869 perasset,
374 3783 475 3847 modis
490 3783 636 3847 omnibus
651 3782 797 3867 quaesivit
817 3782 1020 3847 dilationem:
1044 3789 1116 3846 tum
1141 3786 1215 3869 quie

211 3901 337 3977 tempus
352 3893 608 3958 summonitionis
623 3893 845 3957 brevissimum
861 3901 937 3971 erut,
952 3900 1024 3956 tum
1049 3895 1123 3977 quia
1148 3895 1216 3979 ipse

210 4005 349 4088 graviter
360 4004 588 4068 infirmabatur.
634 4002 776 4087 Cumque
792 4026 846 4067 rex
863 4002 992 4067 vidisset
1006 4005 1089 4086 qued
1115 4004 1214 4068 archi·

211 4115 372 4201 episcopus
403 4114 443 4179 ad
473 4114 558 4177 diem
590 4111 681 4175 illum
708 4134 773 4176 non
803 4112 935 4191 veniret,
951 4112 1039 4176 misit
1071 4114 1110 4178 nd
1143 4137 1215 4179 eum

468 4264 477 4296 ¹
496 4269 510 4315 l
522 4267 585 4330 Rog.
597 4266 630 4314 de
642 4266 708 4314 Hos.
719 4266 768 4316 225
782 4265 955 4330 (licelinus).
