3000 4972
652 555 803 602 smenon.
1167 531 1227 594 157

290 715 385 777 blshop
395 715 425 763 of
439 713 467 763 0.
479 714 501 762 is
518 715 567 763 not
582 714 691 776 present
703 710 779 759 when
791 709 846 758 itis
864 706 983 756 reached.
1016 704 1072 754 The
1082 704 1164 754 abbot
1174 717 1231 766 pre·

291 796 364 841 sente
375 791 416 841 his
428 806 495 850 cnse,
507 790 558 839 end
570 790 674 838 obtains
687 788 826 852 jndgment
837 785 865 834 of
881 784 995 833 freedom
1012 784 1077 831 from
1095 784 1140 831 the
1153 781 1233 845 juris·

291 870 390 919 diction
400 870 429 918 of
439 871 485 918 the
497 867 612 932 bishop.]

227 1021 373 1085 Quonam
408 1019 510 1102 igitur
550 1018 691 1102 praedicti
730 1015 886 1100 Stephani
920 1013 1055 1098 piissimi
1079 1011 1231 1098 principis

226 1135 378 1213 tempore,
395 1129 548 1214 synodum
565 1128 650 1212 apud
666 1127 853 1191 Cicestriam
869 1125 954 1189 adire
970 1125 1067 1188 abbas
1091 1145 1231 1188 summo·

227 1241 327 1318 nitus,
342 1262 399 1303 nec
414 1239 555 1317 veniens,
569 1238 758 1303 interdictus
772 1243 821 1301 est
836 1237 876 1300 ab
891 1235 1045 1320 episcopo,
1066 1258 1101 1299 eo
1125 1240 1232 1298 tamen

226 1358 347 1430 tenore,
366 1351 448 1435 quod
467 1351 494 1414 si
514 1351 597 1414 infra
615 1350 688 1414 XL.
709 1347 830 1411 dierum
853 1346 992 1430 spatium
1013 1346 1232 1410 satisfacturus

227 1486 291 1527 non
315 1462 448 1541 veniret,
473 1461 513 1525 ab
538 1460 638 1525 officio
662 1483 720 1523 suo
750 1480 918 1542 suspensus
950 1462 1092 1522 cessaret
1138 1454 1233 1520 Quod

227 1571 325 1637 abbas
354 1573 486 1637 audiens
511 1571 631 1636 curiam
660 1568 746 1654 apud
777 1568 931 1635 Sanctum
960 1567 1122 1632 Albanum
1151 1567 1233 1631 adiit
1324 1646 1329 1656 ι

228 1705 431 1767 praepropere,
446 1688 540 1766 atque
555 1682 621 1746 haec
637 1681 731 1766 regiae
753 1679 865 1744 intulit
887 1678 976 1747 aulae.
1021 1678 1090 1743 Rex
1115 1678 1234 1763 itaque,

228 1794 377 1858 accersito
393 1795 528 1879 quodam
544 1793 726 1858 clericorum
743 1814 869 1854 suorum
887 1790 1040 1854 Rotberto
1055 1791 1093 1854 de
1109 1792 1233 1855 Cornu·

229 1904 306 1969 villa
320 1904 458 1984 nomine,
473 1904 562 1968 misit
577 1904 616 1968 ad
632 1903 824 1988 episcopum,
834 1902 987 1965 mandans
1003 1907 1035 1965 et
1051 1900 1234 1985 praecipiens

227 2016 381 2100 quatinus
396 2014 558 2080 ecelesiam
574 2013 684 2078 Sancti
700 2012 838 2076 Martini
852 2012 891 2076 de
902 2012 992 2076 Bello
1004 2012 1088 2076 sicut
1097 2012 1234 2077 domini·

230 2148 300 2191 cam
315 2126 399 2209 regis
414 2125 576 2211 capellam,
586 2130 619 2189 et
629 2123 750 2208 regiam
759 2146 916 2202 coronam,
926 2122 965 2186 ab
975 2124 1062 2187 omni
1073 2124 1236 2189 exactione

230 2244 263 2303 et
293 2237 491 2321 oppressione
520 2236 653 2299 liberam
689 2240 722 2300 et
756 2234 897 2319 quietem
933 2235 1059 2300 Christo
1098 2237 1236 2302 Domino

229 2347 357 2431 pacifice
373 2347 490 2411 sineret
505 2345 670 2410 deservire.
715 2345 900 2409 Terminum
916 2345 1013 2409 etiam
1037 2346 1065 2410 ei
1090 2347 1236 2431 praefixit,

230 2456 382 2542 quatinus
407 2456 458 2520 die
482 2461 666 2519 octavarum
692 2453 803 2520 Sancti
825 2455 970 2533 Andreae,
989 2454 1057 2539 ipse
1082 2463 1114 2520 et
1139 2455 1237 2521 abbas

233 2566 436 2630 Lundoniam
451 2564 608 2644 venirent,
623 2569 661 2627 ut
675 2563 719 2628 ibi
735 2564 922 2629 dissensioni
937 2566 1118 2629 eorumdem
1132 2589 1237 2630 coram

232 2700 276 2756 se,
291 2675 454 2760 episcopis,
471 2681 504 2739 et
518 2674 689 2739 baronibus
704 2675 771 2739 suis
787 2675 995 2759 praesentibus
1018 2676 1113 2739 finem
1135 2676 1236 2759 impo-

232 2792 331 2851 neret.
385 2785 447 2849 Die
477 2789 654 2850 constituta
679 2793 812 2872 uterque
838 2787 941 2851 affuit.
998 2787 1114 2851 Multis
1137 2787 1238 2870 igitur

232 2896 335 2962 causis
350 2895 466 2960 ibidem
480 2895 639 2977 discussis,
654 2898 751 2962 abbas
773 2897 842 2980 regi
865 2898 1062 2982 praeentiam
1081 2919 1170 2961 suam
1185 2920 1238 2962 ex·

232 3008 349 3087 hibuit,
364 3007 546 3092 paratus,si
571 3008 641 3093 quis
666 3009 768 3074 eidem
793 3009 960 3094 quicquam
985 3008 1107 3074 obicere
1132 3008 1238 3089 vellet,

232 3120 319 3202 justa
333 3117 465 3182 rationis
479 3118 628 3201 aequitate
641 3141 698 3204 pro
713 3119 859 3185 libertate
874 3119 1006 3184 ccclesiae
1015 3142 1078 3183 suae
1087 3119 1238 3184 resistere.

233 3229 407 3315 Episcopus
442 3251 515 3293 vero
549 3229 708 3294 nonnullis
745 3230 861 3295 ibidem
902 3233 1050 3296 detentus
1089 3232 1238 3315 negotiis,

232 3364 337 3405 coram
359 3362 432 3425 rege
453 3339 503 3403 die
534 3340 642 3404 eadem
674 3342 780 3406 venire
810 3342 946 3408 distulit.
1001 3343 1106 3407 Lectis
1138 3344 1240 3429 igitur

234 3475 338 3515 coram
360 3473 434 3534 rege
456 3451 550 3514 cartis
571 3456 604 3515 et
626 3452 857 3517 munitionibus
879 3454 917 3518 de
946 3456 1005 3518 hec
1026 3456 1133 3519 eadem
1155 3478 1198 3536 re,
1220 3479 1240 3520 a

233 3587 306 3648 rege
320 3561 481 3627 Willelmo
496 3585 612 3647 magno
628 3563 822 3650 subscriptis,
836 3589 889 3630 rex
905 3566 1009 3631 altiori
1023 3589 1098 3631 usus
1113 3567 1241 3632 consilio

234 3673 379 3760 praeeepit
401 3673 560 3738 ecclesiam
591 3675 701 3740 Sancti
725 3677 862 3740 Martini
893 3678 931 3742 de
964 3678 1052 3742 Bello
1082 3678 1122 3742 ab
1153 3678 1241 3743 omni

234 3785 427 3870 subjectione
442 3791 475 3850 et
496 3787 657 3851 exactione
679 3787 881 3852 cicestrensis
901 3790 1045 3874 episcopi,
1069 3790 1240 3854 secundum

233 3897 317 3981 regis
340 3895 492 3959 Willelmi
513 3891 554 3960 ct'
568 3897 700 3961 aliorum
715 3921 828 3982 regum
841 3899 1097 3985 praedecessorum
1112 3922 1240 3965 suorum

235 4014 347 4087 cartas,
361 4007 491 4072 liberam
507 4008 636 4073 omnino
650 4010 790 4075 existere.

269 4195 357 4242 Inthe
369 4195 427 4243 first
438 4209 501 4258 year
517 4195 547 4243 ot
561 4196 605 4244 the
623 4195 754 4259 following
771 4197 845 4258 reign
866 4198 928 4257 (aar.
948 4196 1023 4261 1155)
1042 4200 1087 4248 the
1105 4199 1197 4262 bishop
1213 4202 1242 4250 of
1336 4241 1337 4245 ,

237 4271 390 4321 Ohiohestor
410 4285 513 4320 renews
533 4271 575 4320 his
597 4276 711 4335 attempt
728 4276 757 4322 to
777 4273 877 4336 subject
896 4275 942 4323 the
964 4274 1044 4323 abbot
1062 4276 1093 4324 of
1108 4276 1196 4327 Battel
1213 4283 1242 4328 to
