3000 4972
308 534 350 594 48
559 551 693 596 enacim
716 550 1067 596 suano-nonuuneum.

666 729 779 813 [Lanu
801 747 841 792 oe
863 728 959 811 Asa]

469 891 544 956 [Sole
555 891 607 940 and
617 894 737 954 separate
748 894 834 940 estate
844 891 875 939 of
881 906 899 938 a
908 891 1021 939 married
1032 889 1156 954 woman]

354 1020 404 1084 De
432 1020 520 1083 omni
549 1025 633 1083 terra
662 1021 734 1082 Asae
757 1023 916 1083 testantur
942 1019 1025 1103 quod
1053 1020 1183 1083 Roberti
1209 1021 1314 1086 Malet

310 1130 423 1196 debeat
437 1138 514 1209 esse,
529 1154 566 1195 eo
581 1131 665 1215 quod
680 1132 749 1214 ipsa
763 1130 877 1194 habuit
892 1136 1008 1194 terram
1024 1152 1113 1194 suam
1138 1137 1315 1214 separatam

311 1250 345 1308 et
358 1243 488 1307 liberam
504 1265 521 1306 a
537 1243 702 1307 dominatu
726 1247 759 1305 et
781 1246 937 1324 potestate
962 1240 1102 1304 Beruulfi
1130 1242 1236 1305 mariti
1256 1244 1315 1322 sui,

311 1354 408 1419 etiam
425 1376 496 1417 cum
513 1353 608 1416 simul
623 1357 727 1416 essent
741 1351 786 1415 ita
801 1356 838 1415 ut
852 1351 919 1434 ipse
933 1351 972 1415 de
987 1373 1023 1414 ea
1042 1374 1099 1415 nee
1115 1352 1315 1417 donationem

313 1487 371 1529 nee
401 1463 616 1528 venditionem
646 1462 758 1540 faeere,
787 1484 845 1526 nee
874 1461 1051 1525 forissaeere
1080 1469 1194 1546 posset.
1240 1464 1317 1527 Post

312 1598 420 1641 eorum
436 1597 510 1639 vero
524 1574 764 1658 separationem,
775 1572 844 1657 ipsa
857 1595 931 1637 eum
946 1572 1034 1649 omui
1049 1578 1133 1637 terra
1148 1597 1205 1637 sua
1219 1598 1316 1639 reces-

313 1686 366 1767 sit,
380 1693 497 1751 etnam
513 1692 550 1749 ut
560 1685 688 1748 domina
699 1683 848 1769 possedit.
881 1683 1038 1748 Homines
1047 1690 1154 1748 autem
1166 1684 1204 1748 de
1219 1686 1316 1749 eomi-

313 1802 387 1861 tatu
409 1802 477 1860 tam
501 1795 540 1860 de
563 1795 619 1859 illa
644 1818 739 1879 quam
763 1794 803 1858 de
826 1798 896 1858 tota
919 1800 1002 1858 terra
1024 1794 1091 1877 ejus
1117 1795 1315 1859 Willelmum

315 1906 419 1971 Malet
433 1905 579 1969 saisitum
603 1905 762 1982 viderunt,
776 1904 875 1969 donee
900 1903 1046 1969 invasum
1070 1909 1119 1969 est
1142 1905 1316 1971 castellum.

317 2017 389 2080 Hoe
417 2020 611 2078 attestantur
636 2014 675 2078 de
698 2015 786 2079 omni
812 2021 896 2079 terra
923 2016 994 2078 Asae
1020 2038 1116 2099 quam
1142 2015 1255 2081 habuit
1283 2017 1317 2081 in

313 2126 520 2191 Eumieseire.

442 2755 605 2840 [Gitanas
626 2755 728 2820 Tmou
749 2777 778 2818 o.
801 2756 927 2819 B1su01>
949 2774 990 2819 ou
1012 2754 1190 2838 Danaen]

361 2929 475 2992 Sonam
501 2951 606 3012 quam.
623 2928 740 2994 elamat
768 2929 965 2994 Gislebertus
989 2928 1086 2993 'lison
1112 2928 1147 2991 in
1174 2928 1318 3007 Birland,

317 3040 429 3104 dieunt
443 3062 509 3104 esse
525 3040 635 3105 debere
649 3040 785 3125 episcopi
800 3040 1025 3105 Dunelmeusis
1040 3039 1074 3103 in
1091 3038 1257 3102 Houedon.

447 3704 586 3788 [B1sn0e
608 3724 648 3769 os
670 3705 820 3769 Dnnuau
842 3726 870 3770 o.
894 3706 1027 3770 Rouana
1049 3705 1194 3789 Mina]

363 3915 627 3982 Quattuordeeim
651 3917 785 3980 bovatas
811 3924 900 3980 terra·
925 3941 1002 4002 quas
1024 3918 1143 3982 elamat
1157 3918 1319 4002 episeopus

318 4027 544 4093 Dunelmensis
570 4050 664 4112 super
687 4027 863 4092 Robertum
887 4029 990 4094 Melet
1012 4030 1045 4092 in
1062 4029 1192 4109 Bellebi,
1208 4031 1321 4095 dieunt

318 4139 414 4210 fuisse
429 4138 523 4202 Mule
538 4144 571 4202 et
593 4138 746 4221 Egbraud
770 4145 802 4201 et
824 4139 922 4202 Basiu
944 4144 977 4203 et
998 4139 1090 4215 Orm,
1104 4162 1177 4203 eum
1197 4163 1268 4204 saea
1288 4146 1321 4203 et

317 4273 400 4328 sona,
414 4256 448 4313 et
463 4250 544 4313 hane
560 4255 676 4313 temam
692 4248 805 4313 habuit
821 4249 989 4313 Wilelmus
1005 4249 1119 4315 Malet.
