3000 4972
654 567 797 612 mmm
819 568 842 614 1.
1204 553 1246 616 39

277 807 362 888 [Tne
395 807 524 872 Menoe
554 826 593 871 012
626 809 800 873 Seensonn.
858 809 930 873 Tne
964 810 1085 874 Kme’s
1116 810 1215 874 me

643 937 710 982 Am)
733 920 844 1001 Sem]

243 1156 245 1160 .
287 1103 336 1167 De
369 1103 428 1168 hoe
464 1104 604 1169 manerio
636 1106 811 1190 [Spersold]
848 1105 927 1170 seira
956 1110 1128 1171 attestatur
1161 1106 1245 1189 quod

243 1213 376 1277 Edrieus
392 1214 446 1298 qui
460 1238 533 1279 eum
548 1216 677 1280 tenebat
690 1216 876 1281 deliberavit
899 1217 989 1280 illum
1017 1217 1082 1282 filio
1110 1239 1166 1281 suo
1190 1217 1245 1301 qui

243 1323 359 1387 eratin
375 1324 546 1390 Abendone
561 1327 743 1404 monachus,
758 1334 795 1391 ut
809 1328 849 1391 ad
868 1327 992 1391 firmam
1013 1328 1093 1391 illud
1114 1333 1244 1407 teneret,

244 1438 278 1497 et
302 1434 363 1497 sibi
388 1435 487 1499 donee
512 1435 635 1499 viveret
650 1436 821 1499 necessaria
837 1436 910 1499 vitae
925 1436 998 1501 inde
1015 1438 1156 1515 donaret,
1171 1443 1245 1521 post

244 1551 378 1609 mortem
393 1567 465 1609 vero
480 1545 547 1628 ejus
563 1546 738 1609 manerium
754 1545 893 1610 haberet.
939 1547 984 1610 Et
1001 1547 1070 1611 ideo
1097 1547 1245 1635 nesciunt

244 1654 386 1718 homines
409 1654 448 1718 de
474 1655 553 1720 seira
578 1655 656 1741 quid
671 1656 804 1720 abbatie
819 1657 986 1741 pertineat.
1030 1658 1144 1742 Neque
1159 1657 1244 1721 enim

244 1763 317 1829 inde
342 1764 491 1829 viderunt
516 1765 645 1829 brevem
675 1765 759 1849 regis
782 1770 815 1829 et
841 1765 994 1850 sigillum.
1040 1767 1149 1830 Abbas
1171 1788 1245 1832 vero

244 1880 380 1938 testatur
408 1875 492 1960 quod
520 1876 554 1939 in
584 1882 724 1961 tempore
760 1875 846 1961 regis
883 1877 1031 1941 Edwardi
1068 1877 1157 1940 misit
1194 1877 1246 1941 ille

245 1985 420 2050 manerium
436 1987 476 2049 ad
490 1986 660 2051 {eeclesiam
676 1987 759 2052 unde
775 1994 852 2067 erat,
868 1994 901 2052 et
915 1987 989 2052 inde
1004 1987 1098 2052 hebet
1120 1988 1246 2052 brevem

244 2103 278 2161 et
301 2096 443 2181 sigillum
470 2098 553 2182 regis
578 2098 726 2162 Edwardi
751 2099 980 2164 attestantibus
1003 2099 1150 2165 omnibus
1180 2123 1245 2164 mo·

246 2207 356 2272 naehis
370 2208 457 2274 suis.¹

346 2843 515 2924 [Bessxem
538 2861 638 2906 eweee
661 2862 702 2905 ΒΥ
724 2863 746 2905 A
767 2842 1006 2906 Nuucuefflve
1028 2843 1150 2924 Wue]

295 3053 365 3117 Hoc
384 3052 560 3116 manerium
583 3050 774 3133 [Berchelai]
795 3050 895 3114 isdem
911 3049 1085 3113 Wluuinus
1109 3055 1250 3134 tempore

248 3164 331 3248 regis
357 3163 505 3227 Edwardi
528 3163 566 3228 de
591 3163 734 3247 episeopo
759 3160 919 3227 Cestrensi
945 3160 985 3225 ad
1009 3166 1136 3224 aetatem
1151 3161 1249 3225 trium

247 3275 423 3339 hominum.
468 3274 532 3354 Qui
543 3285 546 3291 '
556 3296 628 3337 eum
653 3272 831 3341 infirmatus
846 3272 886 3335 ad
900 3271 996 3336 finem
1012 3271 1086 3335 vitae
1100 3271 1250 3351 venisset,

248 3392 359 3452 vocato
383 3385 448 3450 filio
478 3408 534 3449 suo
561 3384 703 3468 episcopo
728 3383 778 3449 Li.
805 3388 838 3448 et
862 3405 957 3447 uxore
980 3390 1038 3447 sue
1059 3388 1092 3447 et
1106 3383 1250 3468 pluribus

248 3497 358 3562 amieis
373 3496 450 3575 suia,
465 3495 557 3559 dixit.
596 3494 716 3559 Audite
731 3517 788 3558 voe
802 3493 895 3558 amici
910 3493 983 3558 mei.
1024 3494 1118 3557 Hanc
1132 3499 1250 3558 terram

250 3630 345 3693 quam
371 3607 411 3672 ab
436 3606 572 3672 aeeelesia
596 3605 668 3684 emi,
694 3606 765 3670 volo
789 3612 826 3669 ut
850 3611 957 3670 teneat
983 3627 1063 3676 uxor
1086 3603 1250 3668 meadum

250 3719 376 3797 vixerit,
414 3726 447 3781 et
483 3723 555 3801 post
592 3724 726 3782 mortem
764 3716 842 3800 ejus,
873 3715 1004 3798 recipiat
1039 3715 1176 3780 aeeclesia
1212 3714 1251 3778 de

250 3852 314 3914 qua
335 3828 450 3912 accepi,
476 3835 509 3893 et
534 3828 589 3912 qui
613 3827 687 3891 inde
702 3825 878 3904 abstulerit,
894 3825 1184 3890 excommunicatus
1200 3823 1252 3887 sie.

252 3940 324 4004 Hoc
353 3939 400 4002 ita
428 3938 525 4003 fuisse
556 3936 767 4002 testificantur
795 3934 938 3999 meliores
974 3933 1118 3998 homines
1154 3932 1254 3997 tetius

251 4050 443 4116 comitatus?

383 4283 391 4317 ¹
409 4285 423 4330 1
436 4283 590 4344 Doomeday,
602 4283 642 4331 59.
