<?xml version="1.0" encoding="UTF-8"?>
<!DOCTYPE html PUBLIC "-//W3C//DTD XHTML 1.0 Transitional//EN"
    "http://www.w3.org/TR/xhtml1/DTD/xhtml1-transitional.dtd">
<html xmlns="http://www.w3.org/1999/xhtml" xml:lang="en" lang="en">
 <head>
  <title>
</title>
<meta http-equiv="Content-Type" content="text/html;charset=utf-8" />
  <meta name='ocr-system' content='tesseract 3.04.00' />
  <meta name='ocr-capabilities' content='ocr_page ocr_carea ocr_par ocr_line ocrx_word'/>
</head>
<body>
  <div class='ocr_page' id='page_1' title='image "./placitaanglonor00bigegoog_0123.png"; bbox 0 0 3000 4972; ppageno 0'>
   <div class='ocr_carea' id='block_1_1' title="bbox 248 546 1004 621">
    <p class='ocr_par' dir='ltr' id='par_1_1' title="bbox 248 546 1004 621">
     <span class='ocr_line' id='line_1_1' title="bbox 248 546 1004 621; baseline 0.016 -13"><span class='ocrx_word' id='word_1_1' title='bbox 248 546 290 609; x_wconf 76' lang='lat'>54</span> <span class='ocrx_word' id='word_1_2' title='bbox 499 568 633 615; x_wconf 72' lang='lat' dir='ltr'>runcina</span> <span class='ocrx_word' id='word_1_3' title='bbox 655 571 1004 621; x_wconf 75' lang='lat' dir='ltr'>auem-nonnuurum.</span> 
     </span>
    </p>
   </div>
   <div class='ocr_carea' id='block_1_2' title="bbox 339 743 1146 837">
    <p class='ocr_par' dir='ltr' id='par_1_2' title="bbox 339 743 1146 837">
     <span class='ocr_line' id='line_1_2' title="bbox 339 743 1146 837; baseline 0.015 -31"><span class='ocrx_word' id='word_1_4' title='bbox 339 743 470 825; x_wconf 85' lang='lat' dir='ltr'>[Daouo</span> <span class='ocrx_word' id='word_1_5' title='bbox 494 767 524 809; x_wconf 85' lang='lat' dir='ltr'>v.</span> <span class='ocrx_word' id='word_1_6' title='bbox 546 747 686 811; x_wconf 82' lang='lat' dir='ltr'>Cnuncn</span> <span class='ocrx_word' id='word_1_7' title='bbox 710 769 750 813; x_wconf 78' lang='lat' dir='ltr'>or</span> <span class='ocrx_word' id='word_1_8' title='bbox 773 751 824 816; x_wconf 84' lang='lat' dir='ltr'>Sr.</span> <span class='ocrx_word' id='word_1_9' title='bbox 848 752 939 815; x_wconf 81' lang='lat' dir='ltr'>Jonn</span> <span class='ocrx_word' id='word_1_10' title='bbox 962 771 1003 816; x_wconf 82' lang='lat' dir='ltr'>or</span> <span class='ocrx_word' id='word_1_11' title='bbox 1025 753 1146 837; x_wconf 69' lang='lat' dir='ltr'>roua]</span> 
     </span>
    </p>
   </div>
   <div class='ocr_carea' id='block_1_3' title="bbox 244 879 1248 1519">
    <p class='ocr_par' dir='ltr' id='par_1_3' title="bbox 244 879 1248 1519">
     <span class='ocr_line' id='line_1_3' title="bbox 290 879 1248 973; baseline 0.01 -31"><span class='ocrx_word' id='word_1_12' title='bbox 290 879 428 945; x_wconf 83' lang='lat' dir='ltr'><strong>Omnem</strong></span> <span class='ocrx_word' id='word_1_13' title='bbox 454 886 571 946; x_wconf 87' lang='lat' dir='ltr'>terram</span> <span class='ocrx_word' id='word_1_14' title='bbox 596 906 692 967; x_wconf 87' lang='lat' dir='ltr'>quum</span> <span class='ocrx_word' id='word_1_15' title='bbox 717 884 992 970; x_wconf 78' lang='lat' dir='ltr'>calumpniabatur</span> <span class='ocrx_word' id='word_1_16' title='bbox 1018 888 1128 973; x_wconf 84' lang='lat' dir='ltr'>Drogo</span> <span class='ocrx_word' id='word_1_17' title='bbox 1155 911 1248 972; x_wconf 88' lang='lat' dir='ltr'>super</span> 
     </span>
     <span class='ocr_line' id='line_1_4' title="bbox 247 990 1247 1083; baseline 0.012 -31"><span class='ocrx_word' id='word_1_18' title='bbox 247 990 400 1054; x_wconf 84' lang='lat' dir='ltr'>Sanctum</span> <span class='ocrx_word' id='word_1_19' title='bbox 417 992 596 1058; x_wconf 85' lang='lat' dir='ltr'>Johannem</span> <span class='ocrx_word' id='word_1_20' title='bbox 612 995 782 1060; x_wconf 83' lang='lat' dir='ltr'>testificata</span> <span class='ocrx_word' id='word_1_21' title='bbox 796 1005 845 1061; x_wconf 87' lang='lat' dir='ltr'>est</span> <span class='ocrx_word' id='word_1_22' title='bbox 859 998 898 1061; x_wconf 90' lang='lat' dir='ltr'>ad</span> <span class='ocrx_word' id='word_1_23' title='bbox 914 1021 994 1082; x_wconf 90' lang='lat' dir='ltr'>opus</span> <span class='ocrx_word' id='word_1_24' title='bbox 1009 1000 1110 1083; x_wconf 88' lang='lat' dir='ltr'>ipsius</span> <span class='ocrx_word' id='word_1_25' title='bbox 1138 1000 1247 1064; x_wconf 85' lang='lat' dir='ltr'>Sancti</span> 
     </span>
     <span class='ocr_line' id='line_1_5' title="bbox 245 1100 1247 1195; baseline 0.011 -32"><span class='ocrx_word' id='word_1_26' title='bbox 245 1100 401 1166; x_wconf 84' lang='lat' dir='ltr'>Johannis</span> <span class='ocrx_word' id='word_1_27' title='bbox 420 1126 475 1188; x_wconf 90' lang='lat' dir='ltr'>per</span> <span class='ocrx_word' id='word_1_28' title='bbox 500 1104 643 1170; x_wconf 90' lang='lat' dir='ltr'>homines</span> <span class='ocrx_word' id='word_1_29' title='bbox 669 1106 707 1170; x_wconf 87' lang='lat' dir='ltr'>de</span> <span class='ocrx_word' id='word_1_30' title='bbox 730 1108 857 1191; x_wconf 87' lang='lat' dir='ltr'>treding</span> <span class='ocrx_word' id='word_1_31' title='bbox 883 1114 916 1172; x_wconf 87' lang='lat' dir='ltr'>et</span> <span class='ocrx_word' id='word_1_32' title='bbox 939 1132 994 1193; x_wconf 93' lang='lat' dir='ltr'>per</span> <span class='ocrx_word' id='word_1_33' title='bbox 1017 1110 1136 1174; x_wconf 91' lang='lat' dir='ltr'>donum</span> <span class='ocrx_word' id='word_1_34' title='bbox 1162 1111 1247 1195; x_wconf 83' lang='lat' dir='ltr'>regis</span> 
     </span>
     <span class='ocr_line' id='line_1_6' title="bbox 244 1211 1247 1304; baseline 0.011 -31"><span class='ocrx_word' id='word_1_35' title='bbox 244 1211 399 1276; x_wconf 88' lang='lat' dir='ltr'>Willelmi</span> <span class='ocrx_word' id='word_1_36' title='bbox 414 1215 497 1297; x_wconf 89' lang='lat' dir='ltr'>quod</span> <span class='ocrx_word' id='word_1_37' title='bbox 522 1214 610 1280; x_wconf 80' lang='lat' dir='ltr'><strong>dedit</strong></span> <span class='ocrx_word' id='word_1_38' title='bbox 637 1218 753 1281; x_wconf 86' lang='lat' dir='ltr'>Sancto</span> <span class='ocrx_word' id='word_1_39' title='bbox 774 1218 914 1282; x_wconf 87' lang='lat' dir='ltr'>Johanni</span> <span class='ocrx_word' id='word_1_40' title='bbox 937 1225 1078 1304; x_wconf 79' lang='lat' dir='ltr'>tempore</span> <span class='ocrx_word' id='word_1_41' title='bbox 1103 1221 1247 1285; x_wconf 86' lang='lat' dir='ltr'>AEldredi</span> 
     </span>
     <span class='ocr_line' id='line_1_7' title="bbox 244 1323 1246 1414; baseline 0.011 -30"><span class='ocrx_word' id='word_1_42' title='bbox 244 1323 475 1408; x_wconf 87' lang='lat' dir='ltr'>archiepiscopi.</span> <span class='ocrx_word' id='word_1_43' title='bbox 523 1326 571 1390; x_wconf 88' lang='lat' dir='ltr'>De</span> <span class='ocrx_word' id='word_1_44' title='bbox 594 1325 652 1390; x_wconf 90' lang='lat' dir='ltr'>hoc</span> <span class='ocrx_word' id='word_1_45' title='bbox 675 1326 795 1392; x_wconf 84' lang='lat' dir='ltr'>habent</span> <span class='ocrx_word' id='word_1_46' title='bbox 821 1328 964 1394; x_wconf 88' lang='lat' dir='ltr'>canonici</span> <span class='ocrx_word' id='word_1_47' title='bbox 989 1331 1133 1414; x_wconf 82' lang='lat' dir='ltr'>sigillum</span> <span class='ocrx_word' id='word_1_48' title='bbox 1161 1332 1246 1414; x_wconf 86' lang='lat' dir='ltr'>regis</span> 
     </span>
     <span class='ocr_line' id='line_1_8' title="bbox 244 1433 719 1519; baseline 0.011 -23"><span class='ocrx_word' id='word_1_49' title='bbox 244 1433 391 1499; x_wconf 84' lang='lat' dir='ltr'>Edwardi</span> <span class='ocrx_word' id='word_1_50' title='bbox 406 1442 439 1499; x_wconf 89' lang='lat' dir='ltr'>et</span> <span class='ocrx_word' id='word_1_51' title='bbox 455 1436 539 1519; x_wconf 86' lang='lat' dir='ltr'>regis</span> <span class='ocrx_word' id='word_1_52' title='bbox 555 1436 719 1501; x_wconf 88' lang='lat' dir='ltr'>Willelmi.</span> 
     </span>
    </p>
   </div>
   <div class='ocr_carea' id='block_1_4' title="bbox 474 1920 1015 2006">
    <p class='ocr_par' dir='ltr' id='par_1_4' title="bbox 474 1920 1015 2006">
     <span class='ocr_line' id='line_1_9' title="bbox 474 1920 1015 2006; baseline 0.007 -24"><span class='ocrx_word' id='word_1_53' title='bbox 474 1920 602 2004; x_wconf 71' lang='lat' dir='ltr'>[Larius</span> <span class='ocrx_word' id='word_1_54' title='bbox 624 1938 665 1983; x_wconf 79' lang='lat' dir='ltr'>or</span> <span class='ocrx_word' id='word_1_55' title='bbox 687 1920 846 1983; x_wconf 78' lang='lat' dir='ltr'>Wmnnn</span> <span class='ocrx_word' id='word_1_56' title='bbox 870 1921 1015 2006; x_wconf 68' lang='lat' dir='ltr'>Manna]</span> 
     </span>
    </p>
   </div>
   <div class='ocr_carea' id='block_1_5' title="bbox 243 2079 1246 2498">
    <p class='ocr_par' dir='ltr' id='par_1_5' title="bbox 243 2079 1246 2498">
     <span class='ocr_line' id='line_1_10' title="bbox 289 2079 1246 2165; baseline 0.004 -22"><span class='ocrx_word' id='word_1_57' title='bbox 289 2079 444 2143; x_wconf 65' lang='lat' dir='ltr'>Homines</span> <span class='ocrx_word' id='word_1_58' title='bbox 459 2079 498 2143; x_wconf 87' lang='lat' dir='ltr'>de</span> <span class='ocrx_word' id='word_1_59' title='bbox 515 2079 723 2144; x_wconf 88' lang='lat' dir='ltr'>Heldemesse</span> <span class='ocrx_word' id='word_1_60' title='bbox 733 2080 788 2165; x_wconf 92' lang='lat' dir='ltr'>qui</span> <span class='ocrx_word' id='word_1_61' title='bbox 798 2080 988 2163; x_wconf 85' lang='lat' dir='ltr'>juraverunt</span> <span class='ocrx_word' id='word_1_62' title='bbox 999 2082 1160 2147; x_wconf 84' lang='lat' dir='ltr'>testificati</span> <span class='ocrx_word' id='word_1_63' title='bbox 1169 2090 1246 2147; x_wconf 89' lang='lat' dir='ltr'>sunt</span> 
     </span>
     <span class='ocr_line' id='line_1_11' title="bbox 243 2190 1246 2274; baseline 0.001 -17"><span class='ocrx_word' id='word_1_64' title='bbox 243 2195 283 2257; x_wconf 84' lang='lat' dir='ltr'>ad</span> <span class='ocrx_word' id='word_1_65' title='bbox 311 2214 388 2274; x_wconf 90' lang='lat' dir='ltr'>opus</span> <span class='ocrx_word' id='word_1_66' title='bbox 414 2190 570 2254; x_wconf 84' lang='lat' dir='ltr'>Willelmi</span> <span class='ocrx_word' id='word_1_67' title='bbox 596 2191 701 2255; x_wconf 87' lang='lat' dir='ltr'>Malet</span> <span class='ocrx_word' id='word_1_68' title='bbox 726 2195 825 2255; x_wconf 88' lang='lat' dir='ltr'>terras</span> <span class='ocrx_word' id='word_1_69' title='bbox 848 2191 905 2255; x_wconf 88' lang='lat' dir='ltr'>hus</span> <span class='ocrx_word' id='word_1_70' title='bbox 929 2190 1013 2256; x_wconf 85' lang='lat' dir='ltr'>infra</span> <span class='ocrx_word' id='word_1_71' title='bbox 1038 2199 1174 2272; x_wconf 87' lang='lat' dir='ltr'>notatas,</span> <span class='ocrx_word' id='word_1_72' title='bbox 1199 2195 1246 2258; x_wconf 86' lang='lat' dir='ltr'>ita</span> 
     </span>
     <span class='ocr_line' id='line_1_12' title="bbox 243 2301 1246 2391; baseline 0.001 -22"><span class='ocrx_word' id='word_1_73' title='bbox 243 2303 328 2391; x_wconf 88' lang='lat' dir='ltr'>quod</span> <span class='ocrx_word' id='word_1_74' title='bbox 342 2301 489 2366; x_wconf 88' lang='lat' dir='ltr'>viderunt</span> <span class='ocrx_word' id='word_1_75' title='bbox 503 2324 555 2366; x_wconf 87' lang='lat' dir='ltr'>eas</span> <span class='ocrx_word' id='word_1_76' title='bbox 570 2301 677 2365; x_wconf 86' lang='lat' dir='ltr'>saisire</span> <span class='ocrx_word' id='word_1_77' title='bbox 692 2301 726 2365; x_wconf 94' lang='lat' dir='ltr'>in</span> <span class='ocrx_word' id='word_1_78' title='bbox 747 2324 844 2365; x_wconf 89' lang='lat' dir='ltr'>manu</span> <span class='ocrx_word' id='word_1_79' title='bbox 860 2301 998 2385; x_wconf 88' lang='lat' dir='ltr'>ejusdem</span> <span class='ocrx_word' id='word_1_80' title='bbox 1023 2304 1186 2383; x_wconf 74' lang='lat' dir='ltr'>willelmi,</span> <span class='ocrx_word' id='word_1_81' title='bbox 1213 2313 1246 2370; x_wconf 90' lang='lat' dir='ltr'>et</span> 
     </span>
     <span class='ocr_line' id='line_1_13' title="bbox 243 2411 1245 2498; baseline -0.002 -17"><span class='ocrx_word' id='word_1_82' title='bbox 243 2417 392 2482; x_wconf 85' lang='lat' dir='ltr'>viderunt</span> <span class='ocrx_word' id='word_1_83' title='bbox 427 2435 500 2476; x_wconf 85' lang='lat' dir='ltr'>eum</span> <span class='ocrx_word' id='word_1_84' title='bbox 522 2411 691 2476; x_wconf 85' lang='lat' dir='ltr'>habentem</span> <span class='ocrx_word' id='word_1_85' title='bbox 715 2418 749 2475; x_wconf 87' lang='lat' dir='ltr'>et</span> <span class='ocrx_word' id='word_1_86' title='bbox 770 2418 941 2492; x_wconf 87' lang='lat' dir='ltr'>tenentem,</span> <span class='ocrx_word' id='word_1_87' title='bbox 967 2435 1065 2498; x_wconf 87' lang='lat' dir='ltr'>usqne</span> <span class='ocrx_word' id='word_1_88' title='bbox 1088 2415 1174 2478; x_wconf 91' lang='lat' dir='ltr'>Dani</span> <span class='ocrx_word' id='word_1_89' title='bbox 1196 2438 1245 2480; x_wconf 87' lang='lat' dir='ltr'>ee-</span> 
     </span>
    </p>
   </div>
   <div class='ocr_carea' id='block_1_6' title="bbox 243 2522 1246 2718">
    <p class='ocr_par' dir='ltr' id='par_1_6' title="bbox 243 2522 1246 2718">
     <span class='ocr_line' id='line_1_14' title="bbox 243 2522 1245 2614; baseline -0.002 -23"><span class='ocrx_word' id='word_1_90' title='bbox 243 2532 358 2614; x_wconf 88' lang='lat' dir='ltr'>perunt</span> <span class='ocrx_word' id='word_1_91' title='bbox 377 2523 479 2603; x_wconf 89' lang='lat' dir='ltr'>illum,</span> <span class='ocrx_word' id='word_1_92' title='bbox 495 2522 549 2587; x_wconf 88' lang='lat' dir='ltr'>sed</span> <span class='ocrx_word' id='word_1_93' title='bbox 572 2523 610 2586; x_wconf 87' lang='lat' dir='ltr'>de</span> <span class='ocrx_word' id='word_1_94' title='bbox 632 2523 691 2587; x_wconf 85' lang='lat' dir='ltr'>hoc</span> <span class='ocrx_word' id='word_1_95' title='bbox 715 2523 809 2587; x_wconf 88' lang='lat' dir='ltr'>breve</span> <span class='ocrx_word' id='word_1_96' title='bbox 833 2522 919 2606; x_wconf 87' lang='lat' dir='ltr'>regis</span> <span class='ocrx_word' id='word_1_97' title='bbox 944 2523 995 2588; x_wconf 85' lang='lat' dir='ltr'>vel</span> <span class='ocrx_word' id='word_1_98' title='bbox 1021 2524 1162 2608; x_wconf 86' lang='lat' dir='ltr'>sigillum</span> <span class='ocrx_word' id='word_1_99' title='bbox 1183 2548 1245 2589; x_wconf 91' lang='lat' dir='ltr'>non</span> 
     </span>
     <span class='ocr_line' id='line_1_15' title="bbox 245 2632 1246 2718; baseline -0.005 -12"><span class='ocrx_word' id='word_1_100' title='bbox 245 2639 404 2706; x_wconf 86' lang='lat' dir='ltr'>viderunt.</span> <span class='ocrx_word' id='word_1_101' title='bbox 455 2634 558 2718; x_wconf 73' lang='lat' dir='ltr'>[Then</span> <span class='ocrx_word' id='word_1_102' title='bbox 588 2632 709 2698; x_wconf 85' lang='lat' dir='ltr'><strong>follows</strong></span> <span class='ocrx_word' id='word_1_103' title='bbox 734 2656 753 2697; x_wconf 88' lang='lat' dir='ltr'>a</span> <span class='ocrx_word' id='word_1_104' title='bbox 776 2632 979 2717; x_wconf 85' lang='lat' dir='ltr'>designation</span> <span class='ocrx_word' id='word_1_105' title='bbox 1008 2635 1045 2699; x_wconf 87' lang='lat' dir='ltr'>of</span> <span class='ocrx_word' id='word_1_106' title='bbox 1085 2635 1175 2700; x_wconf 88' lang='lat' dir='ltr'>lands</span> <span class='ocrx_word' id='word_1_107' title='bbox 1212 2637 1246 2701; x_wconf 94' lang='lat' dir='ltr'>in</span> 
     </span>
    </p>
   </div>
   <div class='ocr_carea' id='block_1_7' title="bbox 244 2745 560 2837">
    <p class='ocr_par' dir='ltr' id='par_1_7' title="bbox 244 2745 560 2837">
     <span class='ocr_line' id='line_1_16' title="bbox 244 2745 560 2837; baseline -0.028 -20"><span class='ocrx_word' id='word_1_108' title='bbox 244 2752 392 2837; x_wconf 85' lang='lat' dir='ltr'>eighteen</span> <span class='ocrx_word' id='word_1_109' title='bbox 409 2745 560 2828; x_wconf 84' lang='lat' dir='ltr'>mauors]</span> 
     </span>
    </p>
   </div>
   <div class='ocr_carea' id='block_1_8' title="bbox 247 3456 1246 3742">
    <p class='ocr_par' dir='ltr' id='par_1_8' title="bbox 247 3456 1246 3742">
     <span class='ocr_line' id='line_1_17' title="bbox 247 3456 1246 3524; baseline -0.004 0"><span class='ocrx_word' id='word_1_110' title='bbox 247 3458 490 3524; x_wconf 83' lang='lat' dir='ltr'>CLAMORES</span> <span class='ocrx_word' id='word_1_111' title='bbox 511 3457 619 3522; x_wconf 78' lang='lat' dir='ltr'>QUAE</span> <span class='ocrx_word' id='word_1_112' title='bbox 642 3456 862 3520; x_wconf 84' lang='lat' dir='ltr'>FUERUNT</span> <span class='ocrx_word' id='word_1_113' title='bbox 876 3456 928 3520; x_wconf 93' lang='lat' dir='ltr'>IN</span> <span class='ocrx_word' id='word_1_114' title='bbox 947 3456 1246 3521; x_wconf 85' lang='lat' dir='ltr'>SUDTREDING</span> 
     </span>
     <span class='ocr_line' id='line_1_18' title="bbox 291 3566 1246 3643; baseline -0.002 -11"><span class='ocrx_word' id='word_1_115' title='bbox 291 3566 536 3643; x_wconf 87' lang='lat' dir='ltr'>LINCOLIAE,</span> <span class='ocrx_word' id='word_1_116' title='bbox 563 3567 619 3629; x_wconf 80' lang='lat' dir='ltr'>ET</span> <span class='ocrx_word' id='word_1_117' title='bbox 656 3567 924 3631; x_wconf 88' lang='lat' dir='ltr'><strong>CONCORDIA</strong></span> <span class='ocrx_word' id='word_1_118' title='bbox 954 3567 1120 3632; x_wconf 86' lang='lat' dir='ltr'>EORUM</span> <span class='ocrx_word' id='word_1_119' title='bbox 1155 3567 1246 3631; x_wconf 86' lang='lat' dir='ltr'>PER</span> 
     </span>
     <span class='ocr_line' id='line_1_19' title="bbox 290 3677 970 3742; baseline -0.001 0"><span class='ocrx_word' id='word_1_120' title='bbox 290 3678 504 3742; x_wconf 88' lang='lat' dir='ltr'>HOMINES</span> <span class='ocrx_word' id='word_1_121' title='bbox 529 3677 614 3742; x_wconf 81' lang='lat' dir='ltr'>QUI</span> <span class='ocrx_word' id='word_1_122' title='bbox 637 3677 658 3739; x_wconf 90' lang='lat' dir='ltr'><strong>J</strong></span> <span class='ocrx_word' id='word_1_123' title='bbox 662 3677 970 3742; x_wconf 60' lang='lat' dir='ltr'>URAVERUNTJ</span> 
     </span>
    </p>
   </div>
   <div class='ocr_carea' id='block_1_9' title="bbox 291 3837 1222 3922">
    <p class='ocr_par' dir='ltr' id='par_1_9' title="bbox 291 3837 1222 3922">
     <span class='ocr_line' id='line_1_20' title="bbox 291 3837 1222 3922; baseline 0 -19"><span class='ocrx_word' id='word_1_124' title='bbox 291 3840 386 3922; x_wconf 82' lang='lat' dir='ltr'>[Man</span> <span class='ocrx_word' id='word_1_125' title='bbox 410 3858 449 3902; x_wconf 86' lang='lat' dir='ltr'>or</span> <span class='ocrx_word' id='word_1_126' title='bbox 473 3839 597 3901; x_wconf 77' lang='lat' dir='ltr'>Brsnoa</span> <span class='ocrx_word' id='word_1_127' title='bbox 619 3837 692 3902; x_wconf 87' lang='lat' dir='ltr'>Ono</span> <span class='ocrx_word' id='word_1_128' title='bbox 714 3859 742 3902; x_wconf 84' lang='lat' dir='ltr'>v.</span> <span class='ocrx_word' id='word_1_129' title='bbox 768 3837 910 3917; x_wconf 80' lang='lat' dir='ltr'>Rasnar,</span> <span class='ocrx_word' id='word_1_130' title='bbox 925 3856 989 3902; x_wconf 77' lang='lat' dir='ltr'>nnn</span> <span class='ocrx_word' id='word_1_131' title='bbox 1012 3839 1222 3921; x_wconf 71' lang='lat' dir='ltr'>Dmannsns]</span> 
     </span>
    </p>
   </div>
   <div class='ocr_carea' id='block_1_10' title="bbox 242 3984 1245 4182">
    <p class='ocr_par' dir='ltr' id='par_1_10' title="bbox 242 3984 1245 4182">
     <span class='ocr_line' id='line_1_21' title="bbox 243 3984 1245 4070; baseline -0.002 -17"><span class='ocrx_word' id='word_1_132' title='bbox 243 3991 284 4053; x_wconf 78' lang='lat' dir='ltr'>In</span> <span class='ocrx_word' id='word_1_133' title='bbox 307 3985 493 4052; x_wconf 85' lang='lat' dir='ltr'>Tadeuuelle</span> <span class='ocrx_word' id='word_1_134' title='bbox 506 3985 650 4049; x_wconf 87' lang='lat' dir='ltr'>hundred</span> <span class='ocrx_word' id='word_1_135' title='bbox 665 3984 805 4049; x_wconf 85' lang='lat' dir='ltr'>clamant</span> <span class='ocrx_word' id='word_1_136' title='bbox 827 3985 970 4049; x_wconf 85' lang='lat' dir='ltr'>homines</span> <span class='ocrx_word' id='word_1_137' title='bbox 992 3986 1128 4070; x_wconf 78' lang='lat' dir='ltr'>episcopi</span> <span class='ocrx_word' id='word_1_138' title='bbox 1152 3987 1245 4051; x_wconf 89' lang='lat' dir='ltr'>Baio·</span> 
     </span>
     <span class='ocr_line' id='line_1_22' title="bbox 242 4095 1244 4182; baseline -0.003 -18"><span class='ocrx_word' id='word_1_139' title='bbox 242 4099 342 4165; x_wconf 87' lang='lat' dir='ltr'>censis</span> <span class='ocrx_word' id='word_1_140' title='bbox 352 4099 380 4162; x_wconf 95' lang='lat' dir='ltr'>I.</span> <span class='ocrx_word' id='word_1_141' title='bbox 397 4101 574 4162; x_wconf 74' lang='lat' dir='ltr'>carucatam</span> <span class='ocrx_word' id='word_1_142' title='bbox 590 4101 672 4159; x_wconf 87' lang='lat' dir='ltr'>terre</span> <span class='ocrx_word' id='word_1_143' title='bbox 687 4117 780 4179; x_wconf 90' lang='lat' dir='ltr'>super</span> <span class='ocrx_word' id='word_1_144' title='bbox 796 4095 971 4159; x_wconf 87' lang='lat' dir='ltr'>Robertum</span> <span class='ocrx_word' id='word_1_145' title='bbox 985 4095 1244 4182; x_wconf 86' lang='lat' dir='ltr'>dispensatorem,</span> 
     </span>
    </p>
   </div>
   <div class='ocr_carea' id='block_1_11' title="bbox 554 4277 937 4342">
    <p class='ocr_par' dir='ltr' id='par_1_11' title="bbox 554 4277 937 4342">
     <span class='ocr_line' id='line_1_23' title="bbox 554 4277 937 4342; baseline -0.013 -11"><span class='ocrx_word' id='word_1_146' title='bbox 554 4282 561 4314; x_wconf 88' lang='lat'>¹</span> <span class='ocrx_word' id='word_1_147' title='bbox 581 4283 595 4330; x_wconf 94' lang='lat'>1</span> <span class='ocrx_word' id='word_1_148' title='bbox 607 4279 761 4342; x_wconf 84' lang='lat' dir='ltr'>Doomsduy‚</span> <span class='ocrx_word' id='word_1_149' title='bbox 771 4277 899 4332; x_wconf 72' lang='lat' dir='ltr'>aus-37:</span> <span class='ocrx_word' id='word_1_150' title='bbox 911 4280 937 4328; x_wconf 93' lang='lat' dir='ltr'>b.</span> 
     </span>
    </p>
   </div>
   <div class='ocr_carea' id='block_1_12' title="bbox 0 0 1504 4972">
    <p class='ocr_par' dir='ltr' id='par_1_12' title="bbox 0 0 1504 4972">
     <span class='ocr_line' id='line_1_24' title="bbox 0 0 1504 4972; baseline 0 1"><span class='ocrx_word' id='word_1_151' title='bbox 0 0 1504 4972; x_wconf 95' lang='lat' dir='ltr'> </span> 
     </span>
    </p>
   </div>
  </div>
 </body>
</html>
