3000 4972
666 564 775 609 namu
797 565 821 608 1.
1180 549 1242 610 125

241 717 300 780 bus
316 715 478 781 monachis
494 714 719 795 Abbendoniae,
735 717 847 782 habere
869 740 978 784 omnes
1001 717 1244 783 consuetudines

241 828 275 891 in
291 827 437 890 omnibus
452 826 555 904 rebus,
571 849 647 909 quas
663 827 776 891 habere
791 828 916 908 debent,
932 852 987 912 per
1002 853 1115 914 aquam
1138 829 1244 893 'Fami-

242 937 305 1014 siae,
320 936 509 1018 ubicumque
525 935 636 999 habere
656 935 781 1001 debent.
827 938 872 1001 Et
897 938 943 1001 ita
970 961 1009 1002 no
1033 962 1088 1023 pro
1114 939 1245 1023 penuria

238 1047 373 1135 justitiae
402 1053 514 1111 vestrae
544 1046 612 1129 ipsa
641 1047 772 1110 eeclesia
804 1048 853 1111 vel
892 1049 1039 1113 monachi
1076 1051 1245 1133 quiequam

242 1158 386 1243 perdant,
415 1180 508 1241 super
534 1158 576 1220 X.
601 1157 696 1220 libras
722 1157 937 1224 forisfacturae.
991 1162 1083 1225 Teste
1120 1163 1244 1245 Rogero

244 1269 352 1354 Bigot.
398 1271 460 1334 Por
475 1269 560 1332 Arod
575 1268 792 1335 falconarium.

592 1863 720 1947 [Annon
743 1862 887 1946 Huou.]¹

245 2046 314 2113 [The
332 2046 418 2111 king’s
437 2048 499 2097 writ
517 2048 644 2111 granting
661 2063 678 2096 a
693 2049 805 2189 marko]t,
823 2048 887 2097 with
905 2048 978 2111 right
997 2049 1027 2098 of
1040 2047 1175 2097 forfaiture
1193 2047 1246 2097 und

697 2126 778 2186 plens.
1006 2143 1008 2147 ·

245 2253 429 2331 Hnamous
443 2274 498 2315 rex
520 2250 659 2335 Augias,
675 2251 845 2336 Radulpho
872 2250 1052 2316 Cantuariae
1078 2250 1244 2335 archiepis·

244 2386 319 2447 copo
334 2368 367 2427 et
381 2362 544 2426 Willelmo
559 2361 597 2425 do
614 2361 840 2426 Hammesford
855 2362 1044 2441 vicecomiti,
1057 2369 1089 2426 et
1100 2362 1245 2427 omnibus

243 2474 412 2538 baronibus
427 2481 459 2538 et
474 2472 619 2536 fidelibus
645 2471 712 2535 suis
732 2471 771 2536 de
796 2473 896 2550 Kent,
913 2472 1057 2538 salutem.
1103 2472 1246 2538 Concedo

244 2586 312 2649 Deo
327 2591 360 2649 et
376 2586 492 2648 Sancto
508 2581 691 2666 Augustino
708 2582 897 2661 Cantuariae,
923 2587 956 2646 et
982 2583 1117 2666 Hugoni
1139 2582 1246 2646 abbati

244 2702 276 2760 et
290 2694 438 2759 omnibus
460 2691 687 2757 suecessoribus
709 2691 775 2756 suis
796 2692 910 2756 habere
936 2699 1110 2757 mereatum
1137 2694 1170 2755 in
1195 2693 1246 2755 in·

244 2805 313 2869 sula
327 2804 365 2869 de
381 2804 512 2868 Thanet.
557 2803 602 2865 Et
615 2801 757 2866 homines
773 2802 847 2865 illue
862 2801 1024 2866 venientes
1035 2808 1068 2866 et
1081 2802 1247 2867 redeuntes

245 2936 353 2979 omnes
368 2915 491 2976 firmam
506 2934 615 2996 paoem
631 2934 732 2975 meam
753 2911 901 2989 habeant,
918 2933 958 2974 no
973 2911 1086 2995 aliquis
1108 2911 1245 2976 eos-dis·

244 3020 352 3090 turbet
372 3045 472 3108 neque
495 3020 644 3106 injuriam
667 3021 716 3086 vel
739 3021 963 3086 contumeliam
986 3022 1089 3086 faeiat.
1135 3022 1180 3086 Et
1200 3021 1248 3086 ita

245 3136 358 3200 habeat
373 3133 469 3198 abbas
484 3133 518 3196 in
533 3155 618 3216 paee,
635 3139 666 3196 et
682 3131 796 3215 quiete,
822 3140 854 3196 et
877 3133 1046 3198 honorifice
1072 3140 1246 3198 mercatum

244 3247 348 3332 ipsum
374 3268 446 3310 oum
470 3243 617 3309 omnibus
641 3244 932 3324 consuetudinibus,
956 3251 988 3309 et
1011 3245 1190 3324 forisfactis,
1215 3251 1247 3310 et

243 3358 368 3442 placitis
384 3357 460 3434 suia
475 3354 558 3418 sicut
573 3353 668 3418 babet
683 3353 821 3437 aliquam
836 3361 953 3419 terram
975 3356 1025 3420 vel
1047 3379 1113 3421 rem
1138 3356 1247 3420 Sancti

244 3466 423 3550 Augustini
439 3463 553 3529 melius
562 3471 594 3527 et
603 3462 741 3546 quietius
750 3470 782 3528 et
792 3464 1055 3530 honorificentius.
1100 3466 1247 3531 'Postibus

246 3579 370 3662 Rogero
385 3577 530 3663 episcopo
547 3576 672 3666 Sarum,
687 3580 720 3639 et
736 3575 906 3660 Ranulpho
921 3575 1116 3656 cancellario,
1130 3583 1163 3642 et
1185 3577 1246 3641 Ni·

244 3688 328 3771 gello
343 3687 382 3752 de
398 3686 519 3765 Albini,
534 3685 617 3769 apud
632 3685 962 3750 westmonasterium.

465 3913 474 3947 ¹
493 3913 562 3962 Hm.
578 3913 647 3962 Mon.
660 3912 699 3962 St.
711 3912 778 3975 Aug.
790 3913 839 3962 365
853 3914 924 3972 (Rea.
938 3914 1028 3974 Gom),
