3000 4972
278 554 340 616 220
522 569 655 614 ennom
676 570 1024 615 enom-nonnnrincl.

277 744 350 786 oum
365 721 512 786 omnibus
526 722 727 806 pertinentiis
749 723 814 786 suis
829 723 959 808 praefabo
974 722 1163 787 monasterio
1179 723 1279 788 Glou·

277 832 406 911 oestriae,
423 832 560 916 capitulo
576 839 682 898 nostro
700 834 781 918 apud
807 835 960 899 Sanobum
977 834 1083 898 David
1098 841 1279 913 convocato,

277 941 537 1025 adjudicavimus.
582 944 651 1007 Nos
667 967 743 1029 orgo
768 944 848 1007 bano
872 943 1137 1031 adjudioationem
1159 967 1279 1009 memo·

277 1053 353 1117 ratis
384 1052 534 1116 fratribus
562 1052 679 1117 factam
709 1053 931 1118 confirmantes
961 1054 1060 1137 sigilli
1089 1055 1189 1118 nostri
1217 1055 1279 1118 im·

276 1161 433 1248 pressione
447 1164 688 1241 communimus,
704 1164 848 1248 ipsosque
863 1170 1033 1229 convocato
1048 1164 1185 1248 capitulo
1206 1188 1278 1229 nos-

275 1279 325 1338 tro
340 1273 423 1358 opud
447 1276 600 1338 Sanctum
623 1274 729 1339 David
751 1275 786 1337 in
808 1276 1022 1360 praesoripbnm
1044 1256 1206 1339 ecelesiam
1229 1276 1278 1338 in·

276 1383 447 1448 stibuimus.
495 1384 573 1448 Haeo
587 1390 693 1448 autem
708 1385 792 1450 faeta
814 1392 889 1450 sunt
904 1409 987 1450 anno
1002 1386 1041 1450 ab
1058 1386 1279 1450 Inoarnatione

276 1495 407 1560 Domini
423 1495 588 1560 millesimo
603 1494 773 1560 centesimo
789 1496 1021 1581 septuagesimo
1036 1496 1157 1582 quinto.
1204 1495 1279 1559 Hiis

276 1605 411 1671 testibus
425 1604 540 1671 Pontio
555 1605 792 1673 archidiacono.¹

552 2308 682 2394 [Annon
705 2312 830 2375 Roosn.
878 2310 1006 2395 1175.]²

386 2467 453 2534 [Tho
464 2468 550 2533 king's
561 2470 621 2519 writ
633 2471 815 2534 commending
826 2472 871 2519 the
882 2475 976 2520 return
987 2471 1018 2519 of
1025 2468 1169 2534 fugitives]

276 2620 460 2700 Hnnmcns
476 2620 537 2686 Dei
552 2620 657 2705 gratia
671 2645 725 2685 rex
740 2621 877 2705 Angliae‚
893 2626 925 2685 et
939 2621 1004 2685 dux
1021 2619 1235 2699 Normanniae,
1247 2627 1280 2685 et
1340 2674 1342 2678 .

277 2732 467 2818 Aquitaniae,
489 2740 521 2798 eb
543 2756 644 2797 eomes
666 2733 869 2816 Andegaviae,
883 2731 1031 2817 justiciis,
1046 2731 1280 2796 vioeoomitibus

275 2850 308 2908 et
331 2844 476 2908 omnibus
506 2844 642 2909 baillivis
668 2844 732 2908 suis
758 2844 895 2928 Angliae,
925 2843 1069 2909 salutem.
1130 2843 1279 2928 Praeoipio

275 2954 365 3019 vobis
379 2956 462 3039 quod
478 2956 564 3039 jusbe
579 2963 611 3021 eb
633 2956 701 3020 sine
715 2954 864 3020 dilatione
886 2954 1009 3019 faciatis
1024 2955 1138 3019 habere
1154 2955 1278 3038 Rogero

275 3066 383 3131 abbati
406 3067 444 3131 de
470 3067 680 3132 Abbendonia
694 3089 802 3131 omnes
822 3067 947 3131 nativos
970 3072 1003 3130 eb
1024 3066 1185 3150 fugativos
1208 3089 1279 3130 suos

276 3200 348 3241 oum
363 3177 483 3242 catallis
506 3178 581 3256 suis,
598 3179 786 3262 ubicumque
810 3177 932 3242 inventi
958 3177 1077 3242 fuerint
1104 3177 1138 3240 in
1164 3176 1279 3241 bailliis

276 3289 398 3367 vestris,
417 3288 480 3352 nisi
495 3289 560 3352 sint
575 3289 609 3352 in
623 3289 763 3353 dominio
779 3312 859 3368 meo,
875 3289 929 3373 qui
955 3289 1108 3374 fugerunt
1134 3289 1173 3353 de
1196 3294 1280 3353 bem

276 3421 333 3463 sua
353 3405 425 3483 post
438 3405 572 3463 mortem
588 3399 672 3482 regis
689 3399 830 3477 Hernici,
845 3400 896 3463 avi
920 3400 982 3464 mei
991 3427 1000 3478 3
1024 3406 1056 3464 et
1069 3399 1218 3484 prohibeo
1240 3421 1279 3462 no

276 3511 346 3596 quis
375 3534 426 3576 eos
455 3510 571 3594 injuste
600 3509 749 3589 delineat,
779 3534 872 3595 super
899 3510 1132 3575 forisfacturam
1165 3533 1278 3575 meam.

276 3623 368 3687 Teste
384 3621 555 3685 Humfrido
569 3621 607 3685 de
623 3623 739 3701 Buun3
762 3623 845 3711 apud
861 3622 1056 3687 Oxeneford.

504 3853 513 3884 ¹
531 3849 591 3898 Lesb
601 3848 766 3911 inoomplele.

503 3923 514 3955 ¹
531 3930 547 3976 2
559 3927 628 3977 Hist.
640 3927 709 3976 Mon.
721 3925 834 3989 Abingd.
845 3925 894 3975 2³5
906 3926 978 3989 (Boo.
991 3925 1084 3991 Coun).
