3000 4972
654 571 763 615 flamm
787 571 810 616 1.
1205 554 1245 613 93

258 748 432 832 [Wmmffl
455 764 494 810 oa
517 747 538 809 J
542 766 682 811 nmmos
704 769 731 811 v.
756 750 870 810 Amor
896 749 1061 810 Fammos.
1108 746 1253 829 1106.]¹.

243 908 311 973 [The
321 909 408 971 king’e
419 909 480 958 verit
492 909 621 972 directing
632 909 678 958 the
695 908 837 958 defendant
852 911 881 957 to
898 912 989 957 return
1006 909 1105 957 certain
1123 910 1248 971 property

307 992 336 1036 to
347 987 393 1035 the
404 986 530 1049 plaintiff3
553 988 608 1035 aleo
619 987 678 1034 thet
690 987 735 1034 the
751 992 849 1049 county
866 987 955 1035 decide
975 987 1130 1048 eonoeming
1149 987 1248 1035 oerhain

307 1066 409 1124 heusen,
421 1064 474 1113 and
484 1065 544 1114 that
554 1065 599 1113 the
611 1065 691 1113 abbot
702 1068 745 1112 aot
756 1064 797 1112 hie
808 1065 926 1126 pleaeure
937 1065 1093 1127 ooncerning
1101 1064 1162 1111 land
1170 1064 1248 1127 given

308 1143 363 1191 him
371 1143 407 1206 by
418 1142 463 1191 the
474 1142 561 1204 kings
572 1139 654 1206 varia]

247 1267 431 1345 Hammona
458 1288 513 1330 rex
542 1266 679 1351 Angliae,
698 1265 831 1350 Hugoni
847 1266 885 1330 de
908 1265 1108 1330 Boohelanda
1131 1271 1164 1330 et
1190 1265 1248 1329 Al-

245 1378 342 1456 brieo‚
357 1377 502 1442 salutem.
549 1377 664 1440 Sciatis
680 1377 764 1462 quod
778 1377 849 1441 volo
865 1383 903 1440 ut
928 1376 1065 1440 Faritius
1089 1376 1185 1440 abbae
1198 1374 1249 1440 ‘de

245 1488 443 1553 Abbendona
458 1488 568 1553 reddat
583 1487 757 1553 Willielmo
774 1488 1010 1553 Jemmetieensi
1033 1494 1134 1553 totam
1156 1511 1248 1572 pecu-

247 1600 332 1663 niam
348 1621 448 1678 suam,
460 1598 579 1663 seilicet
594 1599 627 1662 in
643 1621 769 1663 annona
783 1598 864 1664 sicea
873 1606 907 1663 et
917 1599 951 1662 in
962 1598 1143 1682 pecudibuS,
1152 1621 1248 1684 quam

246 1708 429 1794 apportavit
443 1709 482 1773 ad
498 1715 614 1774 terram
629 1731 718 1773 suam
734 1708 773 1774 de
794 1709 886 1774 terris
908 1709 987 1773 aliis.
1033 1709 1082 1773 De
1106 1709 1250 1773 domibus

248 1844 320 1886 vero
335 1828 368 1886 et
383 1821 516 1885 annonis
531 1820 651 1899 viridis,
667 1828 699 1885 et
714 1821 834 1885 caeteris
861 1820 930 1884 aliie
957 1819 1059 1900 rebus,
1076 1820 1131 1884 fiat
1158 1822 1249 1885 recti·

247 1931 324 1996 tudo
338 1932 426 2016 justo
436 1931 555 2015 judicio
570 1931 749 1995 comitatae.
795 1932 844 1996 De
859 1937 943 1996 terra
957 1938 1062 1997 autem
1078 1932 1134 1996 illa
1156 1932 1252 1998 faeiat

248 2042 414 2125 praedietus
443 2042 540 2105 abbas
569 2064 658 2105 suam
688 2042 895 2118 voluntatem,
918 2043 1001 2107 siout
1025 2044 1054 2108 ei
1077 2066 1132 2127 per
1157 2045 1250 2109 breve

249 2175 354 2216 meum
383 2152 530 2231 concessi,
560 2158 593 2216 et
623 2152 702 2216 nulli
730 2153 804 2218 inde
834 2176 927 2237 super
964 2154 1023 2219 hoo
1053 2155 1249 2239 respondeat.

250 2264 345 2328 'Peste
360 2263 522 2327 Waldm'eo
537 2262 740 2343 cancellatim
764 2264 846 2349 apud
863 2266 1068 2331 Brontonam.

265 2938 424 3021 [Roman
440 2939 508 3002 Soa
524 2959 563 3003 oa
580 2941 730 3020 Hoavm,
742 2962 770 3004 v.
788 2941 920 3004 Roamm
937 2940 1089 3016 Genaua.
1116 2937 1253 3022 1106?]²

252 3085 320 3151 [me
337 3086 423 3151 king’s
439 3089 500 3136 wro
516 3055 684 3152 aisomrging
699 3088 745 3139 tho
762 3087 881 3151 pomae
893 3088 959 3137 from
975 3089 1090 3152 liability
1101 3092 1130 3137 a>
1147 3089 1193 3137 the
1209 3086 1253 3135 aa

689 3161 822 3232 fondant]

252 3290 437 3371 Hmuucus,
475 3315 530 3356 rex
566 3293 704 3377 Angliae,
746 3293 886 3358 Roberto
925 3292 1065 3373 Gernun,
1083 3356 1088 3362 .
1106 3293 1252 3359 salutem.

251 3399 402 3483 Pracipio
419 3400 477 3465 tibi
503 3408 541 3466 ut
564 3402 731 3486 permittas
757 3426 823 3467 esse
848 3402 893 3467 ita
919 3404 953 3467 in
976 3425 1052 3488 paee
1079 3403 1254 3468 Robertum

252 3509 353 3574 filium
371 3512 500 3592 Hervei,
516 3535 588 3576 eum
604 3520 673 3577 tota
688 3520 771 3578 terra
787 3536 843 3578 sua
858 3519 890 3577 et
898 3513 1040 3598 pecunia,
1051 3514 1133 3578 siout
1142 3514 1254 3578 melius

252 3626 286 3684 et
309 3619 446 3705 quietius
470 3622 598 3686 tenebat
621 3645 691 3686 eam
721 3622 770 3686 die
799 3646 862 3706 qua
891 3623 1007 3687 dedisti
1036 3646 1106 3687 eam
1136 3629 1254 3687 terram

252 3732 381 3816 reginae,
397 3732 513 3817 etipsa
535 3756 603 3798 eam
619 3739 735 3798 terram
751 3733 838 3797 dedit
853 3733 887 3796 in
902 3733 1098 3818 eleemosyna
1121 3733 1255 3797 eoelesiae

253 3843 377 3906 Sanctae
392 3844 502 3907 Mariae
516 3843 556 3908 de
571 3843 777 3910 Abbendona.
823 3845 868 3907 Et
883 3843 953 3908 vide
969 3866 1008 3907 ne
1023 3843 1097 3907 inde
1119 3843 1255 3927 amplius

252 3952 421 4018 clamorem
436 3953 572 4018 audiam.
619 3955 765 4019 'festibus
790 3953 902 4038 regina
927 3960 960 4018 et
986 3952 1125 4018 Roberto
1141 3952 1256 4017 comite

251 4064 289 4129 de
305 4064 460 4129 Mellent:
484 4065 567 4149 apud
583 4065 832 4150 Roohingeham.

321 4248 326 4280 ¹
345 4248 440 4297 alliot.
453 4249 521 4297 Mon.
534 4249 645 4312 Abingtl.
657 4250 689 4297 93
702 4250 764 4310 (Roo
785 4250 874 4309 Com).
1074 4248 1083 4277 ¹
1102 4247 1137 4293 lb.
1151 4248 1191 4294 99,
