3000 4972
300 521 389 585 “178
575 540 707 584 anacim
731 538 1074 584 auom-uonuaumca

325 699 433 755 versus
448 692 549 775 igitur
563 715 617 756 rex
632 693 670 755 ad
685 691 831 755 abbatem
847 698 879 754 et
895 714 977 767 sace,
1000 696 1020 726 “
1034 691 1117 767 Ite,”
1132 688 1247 772 inquit,
1264 691 1283 722 “
1293 692 1327 750 et

324 801 453 865 consilio
469 802 588 882 habito,
603 803 737 866 invicem
754 802 902 879 conserte,
917 802 942 864 si
967 802 1046 865 sorte
1069 800 1112 863 sit
1134 798 1253 882 aliquid
1275 795 1327 860 cui

325 912 461 996 amplius
476 937 571 997 quam
586 913 659 977 huic
675 920 767 976 cartae
785 913 888 976 velitis
904 912 1010 975 inniti.
1055 913 1131 975 Non
1148 918 1254 974 temen
1269 929 1325 971 vos

325 1029 402 1106 puto
412 1025 451 1088 ed
460 1025 696 1108 praesensaliam
709 1026 893 1108 quaesituros
902 1023 1147 1108 probationem.'’
1161 1022 1326 1085 Abeuntes

325 1133 433 1220 itaque
455 1135 550 1200 abbas
565 1141 597 1199 et
620 1135 668 1198 sui
685 1159 778 1219 super
799 1136 857 1199 hoe
880 1134 1044 1198 consilium
1065 1132 1184 1210 inituri,
1206 1135 1324 1195 cartam

325 1267 415 1308 suam
430 1247 470 1310 ad
485 1269 610 1310 omnem
629 1245 848 1330 probationem
874 1267 940 1308 esse
964 1244 1168 1307 sufficientem
1192 1264 1326 1324 cognos-

325 1361 430 1420 centes
444 1380 482 1420 ex
499 1356 600 1420 verbis
619 1358 703 1439 regis
727 1355 860 1434 ultimis,
883 1354 996 1437 quibus
1020 1354 1112 1433 dixit,
1138 1355 1243 1417 “Non
1270 1374 1325 1415 vos

325 1472 403 1549 puto
418 1467 457 1530 ad
473 1490 606 1550 prsesens
621 1466 714 1529 aliam
731 1466 912 1549 quaesituros
929 1465 1175 1548 probationem,'’
1191 1465 1224 1528 iu
1247 1485 1325 1546 pree-

325 1577 459 1641 sentlam
469 1578 553 1661 regis
568 1584 600 1641 et
612 1577 816 1641 assidentium
833 1576 942 1640 habito
957 1578 1024 1659 jam
1040 1575 1169 1639 consilio
1182 1576 1324 1653 redeunt,

267 1771 273 1779 ·
325 1710 357 1750 se
372 1709 435 1751 non
450 1687 527 1750 alios
543 1687 639 1751 inniti
659 1692 716 1751 aut
742 1687 836 1750 aliam
860 1688 1056 1772 quaesituros
1081 1693 1169 1750 extra
1193 1694 1325 1765 cartam,

325 1796 541 1881 probationem
570 1803 723 1875 asserunt,
753 1796 798 1858 nil
828 1819 860 1860 se
891 1796 994 1879 magis
1025 1796 1073 1859 vel
1104 1797 1209 1861 minus
1233 1804 1325 1862 extra

325 1915 443 1970 cartam
459 1907 594 1990 exigere,
611 1930 705 1991 super
719 1907 777 1970 hoc
792 1913 897 1970 autem
914 1930 945 1971 sc
960 1907 1114 1990 judicium
1127 1908 1221 1990 regiae
1233 1909 1325 1973 euriae

325 2024 496 2100 expectare.
542 2019 618 2081 Non
632 2018 766 2081 habente
781 2019 910 2082 adversa
925 2024 1014 2102 parte
1028 2018 1104 2102 quid
1116 2019 1324 2102 responderet,

325 2128 440 2212 quippe
469 2150 540 2191 eum
571 2136 691 2192 cartam
721 2128 868 2192 falsitatis
898 2151 954 2192 nce
983 2130 1112 2193 auderet
1140 2152 1198 2193 nec
1220 2139 1326 2214 posset

325 2261 465 2321 arguere,
476 2238 549 2322 quia
559 2260 623 2301 non
632 2243 738 2320 posset
752 2238 891 2319 probare,
904 2238 1046 2301 unanimi
1062 2262 1215 2303 consensu
1225 2243 1324 2306 totius

325 2351 417 2413 euriae
432 2348 648 2432 adjudicatum
664 2354 721 2423 ost,
738 2347 845 2410 abbati
860 2354 892 2409 et
907 2348 1041 2411 ecclesiae
1064 2349 1174 2413 Sancti
1190 2352 1325 2416 Illartini

326 2461 364 2525 de
380 2459 467 2523 Bello
483 2458 588 2522 omnia
603 2458 713 2522 debere
736 2458 871 2535 restitui,
886 2481 956 2542 quae
978 2467 1071 2523 cartre
1094 2484 1156 2523 suae
1178 2463 1326 2545 exigebat

326 2571 516 2636 testimonio.
542 2619 549 2635 .
575 2619 582 2634 .
607 2619 614 2634 .
638 2569 691 2632 Ad
713 2569 797 2652 regis
813 2569 912 2652 igitur
933 2571 1099 2653 imperium
1117 2573 1198 2636 fiunt
1213 2574 1327 2638 littera

326 2683 413 2768 regio
425 2682 530 2766 sigillo
545 2681 688 2766 signatae,
703 2681 744 2743 ad
759 2687 895 2764 quatuor
911 2681 1026 2745 milites
1041 2683 1097 2765 qui
1113 2690 1189 2747 tunc
1203 2708 1242 2748 ex
1257 2687 1326 2768 ejus
1346 2750 1347 2754 ,

326 2801 478 2880 praecepto
493 2864 495 2866 ,
508 2792 764 2857 vicecomitatum
797 2791 971 2854 Suthscniae
1008 2793 1160 2874 regebant
1198 2796 1327 2860 celerius

327 2906 461 2984 directae,
478 2909 515 2968 ut
530 2905 646 2987 absque
661 2901 811 2965 dilatione
826 2907 941 2965 terram
958 2925 1052 2986 quam
1067 2905 1163 2968 abbas
1185 2906 1224 2969 de
1238 2906 1327 2971 Bello

328 3017 361 3080 in
378 3017 465 3081 curia
481 3038 535 3078 sua
551 3036 655 3078 eoram
672 3034 707 3076 eo
722 3012 977 3090 dirationaverat,
993 3014 1112 3079 scilicet
1134 3023 1197 3080 tres
1220 3017 1326 3081 wistas

327 3135 417 3192 ienae
447 3126 480 3189 in
511 3124 720 3200 Bemchorne,
750 3144 823 3184 cum
853 3127 921 3185 toto
947 3124 1087 3204 marisco,
1112 3131 1145 3188 et
1174 3127 1325 3190 decimam

329 3235 486 3321 quandam
501 3233 539 3296 de
555 3232 716 3309 Boeholte‚
732 3231 867 3296 ecclesiae
890 3233 1000 3297 Sancti
1027 3234 1162 3299 Martini
1186 3237 1224 3300 de
1239 3238 1329 3302 Bello

328 3346 541 3423 restituerent,
555 3350 624 3407 tam
638 3344 761 3426 integre
776 3348 810 3406 et
825 3349 892 3406 tam
912 3344 1059 3428 plenarie,
1082 3352 1151 3411 tam
1176 3347 1270 3412 libere
1296 3354 1328 3413 et

329 3459 434 3544 quiete
449 3455 627 3533 tenendam,
640 3455 722 3518 sicut
737 3455 929 3538 temporibus
944 3457 1027 3540 rogis
1051 3458 1182 3522 Henrioi
1205 3460 1256 3523 avi
1279 3460 1328 3522 sui

330 3573 411 3633 teste
426 3573 513 3630 carta
527 3588 583 3629 sua
598 3572 772 3642 tenuerant,
789 3567 955 3649 designata
977 3569 1066 3652 prius
1089 3576 1171 3636 terra
1194 3573 1271 3655 ipsa,
1297 3578 1330 3636 et

329 3678 475 3744 terminis
497 3678 566 3761 ejus
591 3676 766 3760 peragratis
789 3700 844 3761 per
867 3678 1031 3744 duodecim
1057 3682 1140 3746 viros
1165 3682 1270 3747 fideles
1294 3683 1331 3747 de

330 3790 446 3857 vicinio
461 3789 559 3872 ipsius
569 3788 742 3851 tenementi
754 3788 809 3872 qui
822 3795 922 3853 metas
934 3793 1004 3874 ejus
1016 3793 1140 3870 scirent,
1151 3800 1184 3858 et
1196 3794 1331 3878 obligati

331 3904 525 3967 sacramento
540 3899 707 3962 veritatem
723 3899 870 3964 dicerent.
918 3901 989 3966 Quo
1005 3912 1148 3986 suscepto
1171 3906 1332 3984 mandato,

332 4013 486 4080 Ricardus
513 4011 551 4074 dc
575 4009 730 4074 Chaaines
754 4010 807 4093 qui
830 4032 913 4075 unus
928 4018 1050 4077 eratex
1073 4015 1160 4080 IIII.
1177 4017 1332 4081 militibus

332 4123 584 4191 vicecomitatum
601 4119 775 4184 Suthsexiae
790 4127 867 4184 tunc
890 4123 1041 4207 temporis
1066 4127 1259 4208 regentibus,
1285 4151 1333 4192 so·

332 4238 451 4300 ciorum
465 4255 592 4297 suorum
608 4232 668 4295 sibi
683 4232 749 4296 vice
769 4232 944 4313 commissa,
958 4235 1147 4317 jamdictum
1171 4242 1332 4303 tenemen-
