3000 4972
278 527 341 589 154
523 543 657 588 emerus
679 542 1025 588 sucro-nouumrucs.

274 695 383 761 omnin
397 717 466 781 quae
480 695 520 760 sd
540 693 665 760 easdem
690 694 834 760 ecclesias
859 694 1029 780 pertinent,
1051 699 1085 759 et
1110 693 1279 758 dimidium

276 806 503 884 molendinum,
517 812 550 872 et
565 806 765 871 medietatem
781 812 870 870 terrae
885 829 954 891 quae
969 805 1008 870 ed
1028 804 1107 870 illud
1131 805 1280 891 pertinet,

275 917 391 982 liberes
406 924 440 982 et
453 918 576 1003 quietas
591 918 630 981 ab
645 918 734 981 omui
753 918 915 983 exactione
940 923 973 982 et
996 917 1222 982 cousuetudine
1247 922 1280 982 et

276 1029 405 1093 servitio
419 1029 504 1114 quod
518 1029 560 1093 sd
574 1051 624 1092 me
638 1029 778 1113 pertinet
792 1034 825 1093 et
839 1029 880 1092 ad
895 1028 1031 1094 heredes
1046 1050 1143 1104 meos,
1159 1027 1193 1092 in
1207 1049 1278 1112 per·

275 1146 407 1227 petuam
421 1141 634 1207 elemosinam.
679 1141 837 1220 Testibus,
852 1144 924 1206 etc.¹

323 1355 490 1431 Henricus,
506 1377 561 1419 rex
576 1353 713 1438 Angliae,
731 1353 870 1417 Roberto
885 1352 1030 1436 episcopo
1043 1350 1280 1428 Lincolniensi,¹

276 1471 311 1532 et
341 1466 476 1550 Hugoni
506 1467 545 1530 de
571 1464 834 1549 Bochiughamia,
862 1473 895 1529 et
923 1464 1070 1528 omnibus
1095 1462 1280 1539 baronibus,

278 1577 408 1660 Francis
423 1584 455 1642 et
469 1575 597 1661 Anglis,
613 1576 652 1640 de
667 1576 874 1654 Middelsexa,
898 1576 1043 1640 sulutem.
1089 1574 1205 1638 Sciatis
1229 1595 1279 1636 me

276 1687 464 1754 concessisse
480 1690 597 1753 Sancto
611 1688 705 1752 Petro
719 1687 758 1752 de
775 1685 982 1762 Gloucestria,
997 1692 1030 1751 et
1053 1687 1148 1750 Petro
1171 1683 1281 1748 abbati

277 1803 310 1863 et
324 1799 487 1863 monachis
502 1799 568 1863 suis
584 1799 622 1863 de
638 1797 847 1878 Gloucestrie,
871 1797 1034 1862 ecclesium
1059 1796 1098 1861 de
1124 1795 1278 1860 Wireces·

276 1908 369 1995 bury,
384 1916 418 1975 et
432 1909 592 1974 ecclesium
601 1909 640 1973 de
650 1909 874 1988 Leverlrestou,
884 1931 963 1993 quas
975 1907 1133 1972 Robertus
1146 1907 1279 1971 Gernun

276 2019 321 2084 eis
336 2020 434 2100 dedit,
452 2025 485 2085 et
502 2020 609 2084 omnic
626 2043 695 2104 quae
710 2021 749 2084 ad
765 2020 888 2085 easdem
903 2018 1046 2085 ecclesias
1060 2018 1232 2104 pertinent,
1246 2022 1280 2081 et

276 2130 445 2194 dimidium
478 2130 706 2208 molendinum,
732 2137 766 2196 et
791 2131 994 2195 medietatem
1018 2136 1109 2194 terrae
1140 2152 1209 2214 quae
1239 2127 1279 2192 sd

276 2240 356 2305 illud
373 2240 522 2324 pertinet.
566 2241 612 2305 Et
625 2240 697 2305 volo
712 2246 745 2305 et
758 2240 904 2325 praecipio
918 2248 956 2306 nt
969 2241 1049 2307 bene
1063 2247 1096 2305 et
1111 2239 1279 2306 honorifice

275 2356 416 2417 teneant.
460 2350 553 2416 Teste
572 2351 708 2415 Matilda
726 2352 846 2436 regina.

309 2485 408 2552 [Leton
420 2488 449 2536 in
460 2489 505 2537 the
516 2488 590 2550 reign
607 2488 637 2536 of
650 2488 742 2553 Henry
753 2489 797 2548 11,
816 2489 918 2539 Gilbert
934 2489 963 2538 of
978 2489 1148 2538 Montefiohet
1167 2502 1279 2552 eppeers

273 2566 303 2613 to
314 2564 381 2614 bure
392 2565 510 2614 asserted
521 2566 562 2614 his
570 2565 647 2614 elsim
659 2580 739 2623 snew,
751 2567 796 2615 the
807 2567 939 2630 following
950 2569 1011 2616 writ
1021 2568 1100 2630 being
1110 2565 1277 2630 issued=-]³

320 2678 490 2760 Henricus,
507 2703 563 2745 rex
581 2680 718 2764 Angliae,
737 2681 804 2746 dux
822 2674 1027 2746 Normsnniee
1042 2687 1075 2747 et
1086 2680 1277 2765 Aquitaniae,

274 2796 308 2855 et
325 2813 428 2855 comes
447 2790 652 2877 Andegaviae,
673 2791 817 2856 Gilberto
835 2791 873 2856 de
897 2791 1117 2872 Montefichet‚
1131 2791 1278 2858 salutem.

275 2901 428 2985 Praecipio
460 2900 522 2965 tibi
562 2901 646 2987 quod
673 2901 839 2986 permittas
867 2902 1036 2967 monachos
1075 2902 1278 2968 Glouoestriae

274 3019 380 3078 tenere
394 3013 428 3076 in
443 3034 528 3097 pace,
544 3019 577 3077 et
593 3013 700 3092 libere,
715 3018 749 3076 et
773 3013 952 3088 honorifice,
975 3019 1008 3078 et
1029 3014 1126 3097 juste,
1141 3013 1279 3078 decimus

276 3129 310 3188 et
324 3123 474 3188 beneficis
499 3124 698 3189 ecclesiarum
723 3146 851 3188 suarum
874 3123 913 3188 de
928 3123 1160 3209 Wirecesbury,
1183 3130 1216 3189 et
1239 3125 1278 3189 de

276 3233 458 3319 Laugeleiu.
503 3236 548 3298 Et
563 3235 624 3299 nisi
640 3235 759 3313 seceris,
774 3235 970 3318 justiciarius
985 3257 1073 3299 meus
1088 3235 1184 3300 faciat
1200 3234 1277 3300 lieri.

275 3345 367 3408 'Peste
382 3345 574 3438 cancellario.

390 3478 467 3544 [This
477 3496 531 3531 wss
543 3481 649 3544 obeyed,
661 3481 714 3529 und
724 3481 770 3530 the
781 3480 913 3544 following
922 3483 1000 3544 grant
1010 3481 1085 3530 mede
1093 3479 1164 3546 =-]⁴

319 3581 432 3646 Comes
462 3583 635 3662 Gilbertus,
650 3582 798 3647 omnibus
814 3581 981 3646 baronibus
996 3588 1028 3647 et
1043 3582 1225 3646 hominibus
1239 3580 1278 3646 de

276 3691 393 3756 honore
410 3693 564 3758 Willelmi
580 3694 618 3758 de
633 3694 844 3774 Mundfichet,
869 3693 997 3758 Francis
1018 3700 1051 3758 et
1076 3694 1206 3777 Anglis,
1228 3715 1277 3758 sa-

275 3800 387 3867 lutem.
434 3804 548 3868 Sciatis
585 3827 636 3869 me
673 3804 843 3869 reddidisse
872 3804 1033 3868 monachis
1063 3803 1278 3883 Glouoestriae,

275 3919 429 3995 tauquam
455 3937 548 3978 suum
574 3922 707 3994 rectum,
736 3916 897 3981 ecclesium
927 3916 966 3980 de
990 3915 1223 4002 Wirecesbury,
1246 3923 1279 3981 et
1325 3977 1326 3980 ,

311 4047 319 4079 ¹
360 4048 391 4096 i.

309 4123 320 4155 ²
337 4047 403 4172 Islidd
415 4125 487 4172 1123.
522 4124 563 4172 He
574 4125 625 4172 hed
642 4125 709 4173 been
720 4125 866 4176 ohsnoellor
882 4127 965 4177 under
975 4128 1088 4176 Willium
1100 4129 1146 4189 11„
1164 4128 1280 4193 sndjus·

277 4200 353 4247 tioicr
364 4199 447 4248 under
457 4201 502 4249 the
513 4206 619 4262 present
636 4202 727 4264 Henry
738 4202 760 4250 Ι.

310 4276 321 4307 ³
338 4277 354 4322 2
366 4276 460 4325 chron.
474 4277 542 4325 Mon.
556 4277 644 4326 Glouo.
658 4278 705 4326 165
717 4278 795 4340 (Reo.
807 4280 898 4341 Gom).
1146 4284 1156 4314 ⁴
1176 4283 1215 4331 lb.
1234 4326 1239 4339 ,
