<?xml version="1.0" encoding="UTF-8"?>
<!DOCTYPE html PUBLIC "-//W3C//DTD XHTML 1.0 Transitional//EN"
    "http://www.w3.org/TR/xhtml1/DTD/xhtml1-transitional.dtd">
<html xmlns="http://www.w3.org/1999/xhtml" xml:lang="en" lang="en">
 <head>
  <title>
</title>
<meta http-equiv="Content-Type" content="text/html;charset=utf-8" />
  <meta name='ocr-system' content='tesseract 3.04.00' />
  <meta name='ocr-capabilities' content='ocr_page ocr_carea ocr_par ocr_line ocrx_word'/>
</head>
<body>
  <div class='ocr_page' id='page_1' title='image "./placitaanglonor00bigegoog_0196.png"; bbox 0 0 3000 4972; ppageno 0'>
   <div class='ocr_carea' id='block_1_1' title="bbox 671 522 1248 591">
    <p class='ocr_par' dir='ltr' id='par_1_1' title="bbox 671 522 1248 591">
     <span class='ocr_line' id='line_1_1' title="bbox 671 522 1248 591; baseline -0.012 0"><span class='ocrx_word' id='word_1_1' title='bbox 671 545 781 591; x_wconf 75' lang='lat' dir='ltr'>annau</span> <span class='ocrx_word' id='word_1_2' title='bbox 805 545 828 589; x_wconf 88' lang='lat'>1.</span> <span class='ocrx_word' id='word_1_3' title='bbox 1049 568 1050 572; x_wconf 65' lang='lat'>,</span> <span class='ocrx_word' id='word_1_4' title='bbox 1187 522 1248 584; x_wconf 77' lang='lat'>127</span> 
     </span>
    </p>
   </div>
   <div class='ocr_carea' id='block_1_2' title="bbox 246 712 1162 808">
    <p class='ocr_par' dir='ltr' id='par_1_2' title="bbox 246 712 1162 808">
     <span class='ocr_line' id='line_1_2' title="bbox 246 712 1162 808; baseline -0.008 -20"><span class='ocrx_word' id='word_1_5' title='bbox 246 712 250 717; x_wconf 65' lang='grc'><em>’</em></span> <span class='ocrx_word' id='word_1_6' title='bbox 347 722 474 808; x_wconf 80' lang='lat' dir='ltr'>[Anaoa</span> <span class='ocrx_word' id='word_1_7' title='bbox 496 741 535 787; x_wconf 80' lang='lat' dir='ltr'>oa</span> <span class='ocrx_word' id='word_1_8' title='bbox 557 724 796 787; x_wconf 78' lang='lat' dir='ltr'>Wasnumsnna</span> <span class='ocrx_word' id='word_1_9' title='bbox 817 743 844 786; x_wconf 80' lang='lat' dir='ltr'>a.</span> <span class='ocrx_word' id='word_1_10' title='bbox 869 720 1014 785; x_wconf 73' lang='lat' dir='ltr'>Canauna</span> <span class='ocrx_word' id='word_1_11' title='bbox 1038 718 1162 802; x_wconf 82' lang='lat' dir='ltr'>Muu.]¹</span> 
     </span>
    </p>
   </div>
   <div class='ocr_carea' id='block_1_3' title="bbox 246 880 1249 1025">
    <p class='ocr_par' dir='ltr' id='par_1_3' title="bbox 246 880 1249 1025">
     <span class='ocr_line' id='line_1_3' title="bbox 246 880 1249 1025; baseline -0.007 -89"><span class='ocrx_word' id='word_1_12' title='bbox 246 884 315 952; x_wconf 74' lang='lat' dir='ltr'>[The</span> <span class='ocrx_word' id='word_1_13' title='bbox 331 885 418 950; x_wconf 74' lang='lat' dir='ltr'>king&#39;a</span> <span class='ocrx_word' id='word_1_14' title='bbox 433 885 494 935; x_wconf 76' lang='lat' dir='ltr'>urit</span> <span class='ocrx_word' id='word_1_15' title='bbox 516 885 546 935; x_wconf 83' lang='lat' dir='ltr'>of</span> <span class='ocrx_word' id='word_1_16' title='bbox 566 883 736 1010; x_wconf 52' lang='grc' dir='ltr'>ὲτοψαεεοξιΡ)</span> <span class='ocrx_word' id='word_1_17' title='bbox 754 883 937 1025; x_wconf 77' lang='lat' dir='ltr'>for]breaking</span> <span class='ocrx_word' id='word_1_18' title='bbox 953 882 998 932; x_wconf 90' lang='lat' dir='ltr'>the</span> <span class='ocrx_word' id='word_1_19' title='bbox 1015 880 1115 932; x_wconf 81' lang='lat' dir='ltr'>nhuroh</span> <span class='ocrx_word' id='word_1_20' title='bbox 1134 884 1163 931; x_wconf 81' lang='lat' dir='ltr'>at</span> <span class='ocrx_word' id='word_1_21' title='bbox 1179 880 1249 930; x_wconf 86' lang='lat' dir='ltr'>Win-</span> 
     </span>
     <span class='ocr_line' id='line_1_4' title="bbox 718 964 794 1010; baseline -0.026 0"><span class='ocrx_word' id='word_1_22' title='bbox 718 964 794 1010; x_wconf 79' lang='lat' dir='ltr'>aeter.</span> 
     </span>
    </p>
   </div>
   <div class='ocr_carea' id='block_1_4' title="bbox 245 1083 1251 1728">
    <p class='ocr_par' dir='ltr' id='par_1_4' title="bbox 245 1083 1251 1728">
     <span class='ocr_line' id='line_1_5' title="bbox 247 1083 1251 1171; baseline -0.003 -19"><span class='ocrx_word' id='word_1_23' title='bbox 247 1089 420 1153; x_wconf 77' lang='lat' dir='ltr'>Hanalcus</span> <span class='ocrx_word' id='word_1_24' title='bbox 446 1109 503 1152; x_wconf 86' lang='lat' dir='ltr'>rex</span> <span class='ocrx_word' id='word_1_25' title='bbox 528 1086 666 1171; x_wconf 70' lang='lat' dir='ltr'>anglia,</span> <span class='ocrx_word' id='word_1_26' title='bbox 693 1085 826 1150; x_wconf 86' lang='lat' dir='ltr'>Ricardo</span> <span class='ocrx_word' id='word_1_27' title='bbox 850 1085 993 1171; x_wconf 85' lang='lat' dir='ltr'>episeopo</span> <span class='ocrx_word' id='word_1_28' title='bbox 1018 1083 1056 1148; x_wconf 87' lang='lat' dir='ltr'>de</span> <span class='ocrx_word' id='word_1_29' title='bbox 1083 1084 1251 1150; x_wconf 87' lang='lat' dir='ltr'>Lundonia</span> 
     </span>
     <span class='ocr_line' id='line_1_6' title="bbox 246 1195 1250 1282; baseline -0.003 -19"><span class='ocrx_word' id='word_1_30' title='bbox 246 1200 392 1264; x_wconf 84' lang='lat' dir='ltr'>salutem.</span> <span class='ocrx_word' id='word_1_31' title='bbox 437 1197 559 1262; x_wconf 89' lang='lat' dir='ltr'>Mando</span> <span class='ocrx_word' id='word_1_32' title='bbox 574 1197 634 1261; x_wconf 90' lang='lat' dir='ltr'>tibi</span> <span class='ocrx_word' id='word_1_33' title='bbox 659 1203 696 1262; x_wconf 93' lang='lat' dir='ltr'>ut</span> <span class='ocrx_word' id='word_1_34' title='bbox 721 1196 817 1260; x_wconf 78' lang='lat' dir='ltr'>fanias</span> <span class='ocrx_word' id='word_1_35' title='bbox 840 1195 970 1282; x_wconf 90' lang='lat' dir='ltr'>plenum</span> <span class='ocrx_word' id='word_1_36' title='bbox 993 1200 1115 1260; x_wconf 86' lang='lat' dir='ltr'>rectum</span> <span class='ocrx_word' id='word_1_37' title='bbox 1142 1195 1250 1260; x_wconf 85' lang='lat' dir='ltr'>abbati</span> 
     </span>
     <span class='ocr_line' id='line_1_7' title="bbox 246 1306 1249 1391; baseline -0.004 -17"><span class='ocrx_word' id='word_1_38' title='bbox 246 1308 532 1391; x_wconf 78' lang='lat' dir='ltr'>westmonasterii,</span> <span class='ocrx_word' id='word_1_39' title='bbox 546 1306 586 1372; x_wconf 85' lang='lat' dir='ltr'>de</span> <span class='ocrx_word' id='word_1_40' title='bbox 611 1307 794 1373; x_wconf 83' lang='lat' dir='ltr'>hominibus</span> <span class='ocrx_word' id='word_1_41' title='bbox 820 1307 875 1391; x_wconf 92' lang='lat' dir='ltr'>qui</span> <span class='ocrx_word' id='word_1_42' title='bbox 898 1307 1064 1390; x_wconf 82' lang='lat' dir='ltr'>fregerunt</span> <span class='ocrx_word' id='word_1_43' title='bbox 1088 1306 1249 1371; x_wconf 84' lang='lat' dir='ltr'>ecelesiam</span> 
     </span>
     <span class='ocr_line' id='line_1_8' title="bbox 245 1417 1249 1493; baseline -0.005 -7"><span class='ocrx_word' id='word_1_44' title='bbox 245 1444 337 1486; x_wconf 88' lang='lat' dir='ltr'>auam</span> <span class='ocrx_word' id='word_1_45' title='bbox 365 1419 404 1484; x_wconf 86' lang='lat' dir='ltr'>de</span> <span class='ocrx_word' id='word_1_46' title='bbox 434 1420 602 1484; x_wconf 83' lang='lat' dir='ltr'>Wintonia</span> <span class='ocrx_word' id='word_1_47' title='bbox 630 1425 726 1484; x_wconf 83' lang='lat' dir='ltr'>noctu</span> <span class='ocrx_word' id='word_1_48' title='bbox 755 1424 787 1483; x_wconf 89' lang='lat' dir='ltr'>et</span> <span class='ocrx_word' id='word_1_49' title='bbox 817 1417 921 1482; x_wconf 86' lang='lat' dir='ltr'>armis.</span> <span class='ocrx_word' id='word_1_50' title='bbox 966 1419 1011 1483; x_wconf 87' lang='lat' dir='ltr'>Et</span> <span class='ocrx_word' id='word_1_51' title='bbox 1040 1418 1101 1481; x_wconf 85' lang='lat' dir='ltr'>nisi</span> <span class='ocrx_word' id='word_1_52' title='bbox 1131 1417 1249 1493; x_wconf 79' lang='lat' dir='ltr'>senaria,</span> 
     </span>
     <span class='ocr_line' id='line_1_9' title="bbox 245 1528 1248 1606; baseline -0.003 -9"><span class='ocrx_word' id='word_1_53' title='bbox 245 1532 377 1597; x_wconf 86' lang='lat' dir='ltr'>barones</span> <span class='ocrx_word' id='word_1_54' title='bbox 399 1530 462 1595; x_wconf 88' lang='lat' dir='ltr'>mei</span> <span class='ocrx_word' id='word_1_55' title='bbox 477 1528 516 1594; x_wconf 94' lang='lat' dir='ltr'>de</span> <span class='ocrx_word' id='word_1_56' title='bbox 532 1529 693 1595; x_wconf 86' lang='lat' dir='ltr'>Seaccario</span> <span class='ocrx_word' id='word_1_57' title='bbox 709 1529 829 1594; x_wconf 88' lang='lat' dir='ltr'>faciant</span> <span class='ocrx_word' id='word_1_58' title='bbox 842 1529 920 1606; x_wconf 82' lang='lat' dir='ltr'>fieri,</span> <span class='ocrx_word' id='word_1_59' title='bbox 937 1550 975 1593; x_wconf 90' lang='lat' dir='ltr'>ne</span> <span class='ocrx_word' id='word_1_60' title='bbox 990 1529 1116 1593; x_wconf 80' lang='lat' dir='ltr'>audiam</span> <span class='ocrx_word' id='word_1_61' title='bbox 1132 1529 1248 1594; x_wconf 84' lang='lat' dir='ltr'>clamo·</span> 
     </span>
     <span class='ocr_line' id='line_1_10' title="bbox 246 1638 1246 1728; baseline -0.006 -19"><span class='ocrx_word' id='word_1_62' title='bbox 246 1667 314 1710; x_wconf 87' lang='lat' dir='ltr'>rem</span> <span class='ocrx_word' id='word_1_63' title='bbox 325 1642 401 1708; x_wconf 86' lang='lat' dir='ltr'>inde</span> <span class='ocrx_word' id='word_1_64' title='bbox 415 1665 471 1727; x_wconf 88' lang='lat' dir='ltr'>pro</span> <span class='ocrx_word' id='word_1_65' title='bbox 486 1642 618 1728; x_wconf 88' lang='lat' dir='ltr'>penuria</span> <span class='ocrx_word' id='word_1_66' title='bbox 632 1642 721 1707; x_wconf 81' lang='lat' dir='ltr'>recti.</span> <span class='ocrx_word' id='word_1_67' title='bbox 755 1642 790 1706; x_wconf 83' lang='grc' dir='ltr'>Τ.</span> <span class='ocrx_word' id='word_1_68' title='bbox 808 1643 863 1706; x_wconf 73' lang='lat' dir='ltr'>&amp;a</span> <span class='ocrx_word' id='word_1_69' title='bbox 898 1638 1036 1727; x_wconf 82' lang='lat' dir='ltr'><strong>[Names</strong></span> <span class='ocrx_word' id='word_1_70' title='bbox 1050 1644 1107 1703; x_wconf 91' lang='lat' dir='ltr'>not</span> <span class='ocrx_word' id='word_1_71' title='bbox 1121 1638 1246 1726; x_wconf 80' lang='lat' dir='ltr'>given]</span> 
     </span>
    </p>
   </div>
   <div class='ocr_carea' id='block_1_5' title="bbox 247 1841 1249 1990">
    <p class='ocr_par' dir='ltr' id='par_1_5' title="bbox 247 1841 1249 1990">
     <span class='ocr_line' id='line_1_11' title="bbox 281 1841 1249 1909; baseline -0.001 -14"><span class='ocrx_word' id='word_1_72' title='bbox 281 1845 397 1895; x_wconf 81' lang='lat' dir='ltr'>Observa</span> <span class='ocrx_word' id='word_1_73' title='bbox 407 1843 467 1895; x_wconf 83' lang='lat' dir='ltr'>that</span> <span class='ocrx_word' id='word_1_74' title='bbox 484 1844 530 1895; x_wconf 82' lang='lat' dir='ltr'>the</span> <span class='ocrx_word' id='word_1_75' title='bbox 540 1843 691 1909; x_wconf 76' lang='lat' dir='ltr'>Exoheqner</span> <span class='ocrx_word' id='word_1_76' title='bbox 702 1844 725 1894; x_wconf 82' lang='lat' dir='ltr'>ie</span> <span class='ocrx_word' id='word_1_77' title='bbox 735 1843 849 1894; x_wconf 77' lang='lat' dir='ltr'>refenad</span> <span class='ocrx_word' id='word_1_78' title='bbox 859 1847 888 1893; x_wconf 87' lang='lat' dir='ltr'>to</span> <span class='ocrx_word' id='word_1_79' title='bbox 899 1857 928 1892; x_wconf 86' lang='lat' dir='ltr'>aa</span> <span class='ocrx_word' id='word_1_80' title='bbox 939 1858 956 1891; x_wconf 89' lang='lat' dir='ltr'>a</span> <span class='ocrx_word' id='word_1_81' title='bbox 967 1846 1041 1892; x_wconf 84' lang='lat' dir='ltr'>oonrt</span> <span class='ocrx_word' id='word_1_82' title='bbox 1052 1841 1083 1891; x_wconf 81' lang='lat' dir='ltr'>of</span> <span class='ocrx_word' id='word_1_83' title='bbox 1096 1842 1166 1892; x_wconf 87' lang='lat' dir='ltr'>trial.</span> <span class='ocrx_word' id='word_1_84' title='bbox 1200 1842 1249 1894; x_wconf 82' lang='lat' dir='ltr'>Sea</span> 
     </span>
     <span class='ocr_line' id='line_1_12' title="bbox 247 1927 489 1990; baseline 0 -14"><span class='ocrx_word' id='word_1_85' title='bbox 247 1927 303 1977; x_wconf 81' lang='lat' dir='ltr'>aleo</span> <span class='ocrx_word' id='word_1_86' title='bbox 313 1929 381 1987; x_wconf 76' lang='lat' dir='ltr'>ante,</span> <span class='ocrx_word' id='word_1_87' title='bbox 393 1941 420 1990; x_wconf 90' lang='lat' dir='ltr'>p.</span> <span class='ocrx_word' id='word_1_88' title='bbox 432 1927 489 1976; x_wconf 86' lang='lat'><strong>100.</strong></span> 
     </span>
    </p>
   </div>
   <div class='ocr_carea' id='block_1_6' title="bbox 431 2457 1058 2673">
    <p class='ocr_par' dir='ltr' id='par_1_6' title="bbox 431 2457 1058 2673">
     <span class='ocr_line' id='line_1_13' title="bbox 497 2457 992 2546; baseline -0.004 -20"><span class='ocrx_word' id='word_1_89' title='bbox 497 2461 626 2546; x_wconf 77' lang='lat' dir='ltr'>[Annon</span> <span class='ocrx_word' id='word_1_90' title='bbox 647 2479 687 2524; x_wconf 80' lang='lat' dir='ltr'>oa</span> <span class='ocrx_word' id='word_1_91' title='bbox 709 2457 992 2545; x_wconf 75' lang='lat' dir='ltr'>Wasannesaaa.]¹</span> 
     </span>
     <span class='ocr_line' id='line_1_14' title="bbox 431 2606 1058 2673; baseline -0.002 -15"><span class='ocrx_word' id='word_1_92' title='bbox 431 2606 500 2673; x_wconf 75' lang='lat' dir='ltr'>[Tne</span> <span class='ocrx_word' id='word_1_93' title='bbox 511 2609 599 2673; x_wconf 74' lang='lat' dir='ltr'>king&#39;e</span> <span class='ocrx_word' id='word_1_94' title='bbox 609 2608 671 2658; x_wconf 84' lang='lat' dir='ltr'>writ</span> <span class='ocrx_word' id='word_1_95' title='bbox 681 2607 837 2670; x_wconf 78' lang='lat' dir='ltr'>confirming</span> <span class='ocrx_word' id='word_1_96' title='bbox 847 2607 963 2671; x_wconf 71' lang='lat' dir='ltr'>grantes</span> <span class='ocrx_word' id='word_1_97' title='bbox 974 2606 1058 2673; x_wconf 76' lang='lat' dir='ltr'>land]</span> 
     </span>
    </p>
   </div>
   <div class='ocr_carea' id='block_1_7' title="bbox 241 2744 1249 3937">
    <p class='ocr_par' dir='ltr' id='par_1_7' title="bbox 241 2744 1249 3937">
     <span class='ocr_line' id='line_1_15' title="bbox 247 2744 1249 2831; baseline 0.004 -23"><span class='ocrx_word' id='word_1_98' title='bbox 247 2744 420 2811; x_wconf 80' lang='lat' dir='ltr'>Hnnmcus</span> <span class='ocrx_word' id='word_1_99' title='bbox 457 2769 512 2812; x_wconf 88' lang='lat' dir='ltr'>rex</span> <span class='ocrx_word' id='word_1_100' title='bbox 541 2746 734 2831; x_wconf 85' lang='lat' dir='ltr'>Anglorum,</span> <span class='ocrx_word' id='word_1_101' title='bbox 759 2747 920 2812; x_wconf 86' lang='lat' dir='ltr'>Willelmo</span> <span class='ocrx_word' id='word_1_102' title='bbox 950 2746 1181 2812; x_wconf 74' lang='lat' dir='ltr'>constabulario</span> <span class='ocrx_word' id='word_1_103' title='bbox 1210 2746 1249 2813; x_wconf 86' lang='lat' dir='ltr'>de</span> 
     </span>
     <span class='ocr_line' id='line_1_16' title="bbox 245 2856 1247 2942; baseline 0.001 -21"><span class='ocrx_word' id='word_1_104' title='bbox 245 2856 369 2921; x_wconf 79' lang='lat' dir='ltr'>cestria</span> <span class='ocrx_word' id='word_1_105' title='bbox 383 2857 529 2923; x_wconf 82' lang='lat' dir='ltr'>salutem.</span> <span class='ocrx_word' id='word_1_106' title='bbox 573 2857 724 2941; x_wconf 76' lang='lat' dir='ltr'>Pracipio</span> <span class='ocrx_word' id='word_1_107' title='bbox 739 2858 822 2942; x_wconf 90' lang='lat' dir='ltr'>quod</span> <span class='ocrx_word' id='word_1_108' title='bbox 845 2858 941 2922; x_wconf 87' lang='lat' dir='ltr'>abbas</span> <span class='ocrx_word' id='word_1_109' title='bbox 966 2858 1005 2923; x_wconf 85' lang='lat' dir='ltr'>de</span> <span class='ocrx_word' id='word_1_110' title='bbox 1031 2859 1247 2922; x_wconf 84' lang='lat' dir='ltr'>Westmonas·</span> 
     </span>
     <span class='ocr_line' id='line_1_17' title="bbox 244 2966 1249 3055; baseline 0.003 -24"><span class='ocrx_word' id='word_1_111' title='bbox 244 2967 324 3031; x_wconf 78' lang='lat' dir='ltr'>tenio</span> <span class='ocrx_word' id='word_1_112' title='bbox 339 2974 372 3032; x_wconf 88' lang='lat' dir='ltr'>et</span> <span class='ocrx_word' id='word_1_113' title='bbox 386 2966 532 3032; x_wconf 80' lang='lat' dir='ltr'>monaehi</span> <span class='ocrx_word' id='word_1_114' title='bbox 547 2973 676 3033; x_wconf 79' lang='lat' dir='ltr'>teneant</span> <span class='ocrx_word' id='word_1_115' title='bbox 691 2975 807 3034; x_wconf 86' lang='lat' dir='ltr'>terram</span> <span class='ocrx_word' id='word_1_116' title='bbox 821 2992 912 3033; x_wconf 83' lang='lat' dir='ltr'>suam</span> <span class='ocrx_word' id='word_1_117' title='bbox 926 2968 965 3034; x_wconf 92' lang='lat' dir='ltr'>de</span> <span class='ocrx_word' id='word_1_118' title='bbox 978 2968 1137 3047; x_wconf 85' lang='lat' dir='ltr'>Peritona,</span> <span class='ocrx_word' id='word_1_119' title='bbox 1154 2991 1249 3055; x_wconf 90' lang='lat' dir='ltr'>quam</span> 
     </span>
     <span class='ocr_line' id='line_1_18' title="bbox 244 3076 1248 3162; baseline 0.005 -22"><span class='ocrx_word' id='word_1_120' title='bbox 244 3082 335 3162; x_wconf 88' lang='lat' dir='ltr'>pater</span> <span class='ocrx_word' id='word_1_121' title='bbox 349 3083 424 3142; x_wconf 82' lang='lat' dir='ltr'>tuus</span> <span class='ocrx_word' id='word_1_122' title='bbox 438 3099 497 3161; x_wconf 87' lang='lat' dir='ltr'>pro</span> <span class='ocrx_word' id='word_1_123' title='bbox 511 3076 619 3142; x_wconf 88' lang='lat' dir='ltr'>anima</span> <span class='ocrx_word' id='word_1_124' title='bbox 641 3079 747 3144; x_wconf 84' lang='lat' dir='ltr'>uxoria</span> <span class='ocrx_word' id='word_1_125' title='bbox 769 3102 833 3144; x_wconf 83' lang='lat' dir='ltr'>suae</span> <span class='ocrx_word' id='word_1_126' title='bbox 857 3081 991 3145; x_wconf 79' lang='lat' dir='ltr'>eeclesia</span> <span class='ocrx_word' id='word_1_127' title='bbox 1015 3079 1103 3145; x_wconf 87' lang='lat' dir='ltr'>dedit</span> <span class='ocrx_word' id='word_1_128' title='bbox 1128 3081 1162 3144; x_wconf 92' lang='lat' dir='ltr'>in</span> <span class='ocrx_word' id='word_1_129' title='bbox 1187 3081 1248 3145; x_wconf 87' lang='lat' dir='ltr'>ele·</span> 
     </span>
     <span class='ocr_line' id='line_1_19' title="bbox 243 3187 1249 3276; baseline 0.004 -24"><span class='ocrx_word' id='word_1_130' title='bbox 243 3187 411 3269; x_wconf 65' lang='lat' dir='ltr'>masuam,</span> <span class='ocrx_word' id='word_1_131' title='bbox 425 3187 473 3252; x_wconf 88' lang='lat' dir='ltr'>ita</span> <span class='ocrx_word' id='word_1_132' title='bbox 493 3188 572 3255; x_wconf 86' lang='lat' dir='ltr'>bene</span> <span class='ocrx_word' id='word_1_133' title='bbox 597 3194 630 3254; x_wconf 85' lang='lat' dir='ltr'>et</span> <span class='ocrx_word' id='word_1_134' title='bbox 655 3189 835 3271; x_wconf 83' lang='lat' dir='ltr'>honorifice,</span> <span class='ocrx_word' id='word_1_135' title='bbox 861 3198 892 3256; x_wconf 88' lang='lat' dir='ltr'>et</span> <span class='ocrx_word' id='word_1_136' title='bbox 916 3190 1013 3257; x_wconf 85' lang='lat' dir='ltr'>libere</span> <span class='ocrx_word' id='word_1_137' title='bbox 1036 3197 1069 3256; x_wconf 85' lang='lat' dir='ltr'>et</span> <span class='ocrx_word' id='word_1_138' title='bbox 1089 3191 1188 3276; x_wconf 81' lang='lat' dir='ltr'>juata,</span> <span class='ocrx_word' id='word_1_139' title='bbox 1215 3196 1249 3256; x_wconf 89' lang='lat' dir='ltr'>et</span> 
     </span>
     <span class='ocr_line' id='line_1_20' title="bbox 243 3299 1249 3385; baseline 0.004 -21"><span class='ocrx_word' id='word_1_140' title='bbox 243 3299 397 3384; x_wconf 85' lang='lat' dir='ltr'>quietede</span> <span class='ocrx_word' id='word_1_141' title='bbox 405 3300 549 3385; x_wconf 81' lang='lat' dir='ltr'>scutagio</span> <span class='ocrx_word' id='word_1_142' title='bbox 557 3308 591 3366; x_wconf 86' lang='lat' dir='ltr'>et</span> <span class='ocrx_word' id='word_1_143' title='bbox 603 3300 749 3365; x_wconf 85' lang='lat' dir='ltr'>omnibus</span> <span class='ocrx_word' id='word_1_144' title='bbox 760 3301 950 3367; x_wconf 78' lang='lat' dir='ltr'>secularibus</span> <span class='ocrx_word' id='word_1_145' title='bbox 961 3303 1249 3383; x_wconf 84' lang='lat' dir='ltr'>consuetudinibus,</span> 
     </span>
     <span class='ocr_line' id='line_1_21' title="bbox 243 3411 1248 3497; baseline 0.004 -22"><span class='ocrx_word' id='word_1_146' title='bbox 243 3413 326 3476; x_wconf 78' lang='lat' dir='ltr'>sieut</span> <span class='ocrx_word' id='word_1_147' title='bbox 340 3417 431 3495; x_wconf 86' lang='lat' dir='ltr'>pater</span> <span class='ocrx_word' id='word_1_148' title='bbox 445 3417 520 3476; x_wconf 84' lang='lat' dir='ltr'>tuus</span> <span class='ocrx_word' id='word_1_149' title='bbox 535 3411 684 3497; x_wconf 85' lang='lat' dir='ltr'>primitus</span> <span class='ocrx_word' id='word_1_150' title='bbox 698 3411 759 3497; x_wconf 88' lang='lat' dir='ltr'>ipsi</span> <span class='ocrx_word' id='word_1_151' title='bbox 774 3413 910 3478; x_wconf 79' lang='lat' dir='ltr'>eeclesia</span> <span class='ocrx_word' id='word_1_152' title='bbox 926 3411 1015 3477; x_wconf 90' lang='lat' dir='ltr'>dedit</span> <span class='ocrx_word' id='word_1_153' title='bbox 1029 3419 1062 3478; x_wconf 88' lang='lat' dir='ltr'>et</span> <span class='ocrx_word' id='word_1_154' title='bbox 1084 3414 1248 3494; x_wconf 78' lang='lat' dir='ltr'>concessit,</span> 
     </span>
     <span class='ocr_line' id='line_1_22' title="bbox 243 3521 1248 3609; baseline 0.005 -24"><span class='ocrx_word' id='word_1_155' title='bbox 243 3527 276 3586; x_wconf 87' lang='lat' dir='ltr'>et</span> <span class='ocrx_word' id='word_1_156' title='bbox 290 3521 374 3586; x_wconf 83' lang='lat' dir='ltr'>sicut</span> <span class='ocrx_word' id='word_1_157' title='bbox 387 3521 448 3606; x_wconf 84' lang='lat' dir='ltr'>ipsi</span> <span class='ocrx_word' id='word_1_158' title='bbox 463 3527 573 3607; x_wconf 81' lang='lat' dir='ltr'>postea</span> <span class='ocrx_word' id='word_1_159' title='bbox 587 3521 699 3588; x_wconf 81' lang='lat' dir='ltr'>melius</span> <span class='ocrx_word' id='word_1_160' title='bbox 713 3528 887 3589; x_wconf 84' lang='lat' dir='ltr'>tenuerunt</span> <span class='ocrx_word' id='word_1_161' title='bbox 901 3529 935 3588; x_wconf 90' lang='lat' dir='ltr'>et</span> <span class='ocrx_word' id='word_1_162' title='bbox 949 3530 1089 3609; x_wconf 89' lang='lat' dir='ltr'>tempore</span> <span class='ocrx_word' id='word_1_163' title='bbox 1100 3525 1248 3609; x_wconf 86' lang='lat' dir='ltr'>Hugonia</span> 
     </span>
     <span class='ocr_line' id='line_1_23' title="bbox 243 3631 1249 3718; baseline 0.004 -22"><span class='ocrx_word' id='word_1_164' title='bbox 243 3631 369 3697; x_wconf 84' lang='lat' dir='ltr'>comitia</span> <span class='ocrx_word' id='word_1_165' title='bbox 383 3631 422 3696; x_wconf 86' lang='lat' dir='ltr'>de</span> <span class='ocrx_word' id='word_1_166' title='bbox 437 3632 571 3698; x_wconf 84' lang='lat' dir='ltr'>Cestria.</span> <span class='ocrx_word' id='word_1_167' title='bbox 616 3633 662 3698; x_wconf 84' lang='lat' dir='ltr'>Et</span> <span class='ocrx_word' id='word_1_168' title='bbox 682 3655 775 3718; x_wconf 87' lang='lat' dir='ltr'>super</span> <span class='ocrx_word' id='word_1_169' title='bbox 797 3634 856 3699; x_wconf 83' lang='lat' dir='ltr'>hoo</span> <span class='ocrx_word' id='word_1_170' title='bbox 877 3633 987 3698; x_wconf 82' lang='lat' dir='ltr'>nullus</span> <span class='ocrx_word' id='word_1_171' title='bbox 1008 3634 1183 3700; x_wconf 82' lang='lat' dir='ltr'>forisfaciat</span> <span class='ocrx_word' id='word_1_172' title='bbox 1204 3637 1249 3701; x_wconf 83' lang='lat' dir='ltr'>eis</span> 
     </span>
     <span class='ocr_line' id='line_1_24' title="bbox 242 3740 1248 3829; baseline 0.004 -23"><span class='ocrx_word' id='word_1_173' title='bbox 242 3740 292 3806; x_wconf 85' lang='lat' dir='ltr'>vel</span> <span class='ocrx_word' id='word_1_174' title='bbox 307 3740 399 3805; x_wconf 87' lang='lat' dir='ltr'>rebus</span> <span class='ocrx_word' id='word_1_175' title='bbox 410 3741 475 3807; x_wconf 83' lang='lat' dir='ltr'>auis</span> <span class='ocrx_word' id='word_1_176' title='bbox 487 3741 665 3828; x_wconf 84' lang='lat' dir='ltr'>quicquam.</span> <span class='ocrx_word' id='word_1_177' title='bbox 697 3744 742 3808; x_wconf 87' lang='lat' dir='ltr'>Et</span> <span class='ocrx_word' id='word_1_178' title='bbox 753 3743 780 3808; x_wconf 85' lang='lat' dir='ltr'>si</span> <span class='ocrx_word' id='word_1_179' title='bbox 792 3766 885 3829; x_wconf 85' lang='lat' dir='ltr'>anper</span> <span class='ocrx_word' id='word_1_180' title='bbox 894 3744 952 3810; x_wconf 86' lang='lat' dir='ltr'>hoc</span> <span class='ocrx_word' id='word_1_181' title='bbox 962 3744 1130 3829; x_wconf 85' lang='lat' dir='ltr'>quiequam</span> <span class='ocrx_word' id='word_1_182' title='bbox 1140 3745 1179 3810; x_wconf 93' lang='lat' dir='ltr'>de</span> <span class='ocrx_word' id='word_1_183' title='bbox 1190 3768 1248 3810; x_wconf 87' lang='lat' dir='ltr'>auo</span> 
     </span>
     <span class='ocr_line' id='line_1_25' title="bbox 241 3852 1248 3937; baseline 0.005 -20"><span class='ocrx_word' id='word_1_184' title='bbox 241 3853 361 3937; x_wconf 83' lang='lat' dir='ltr'>injuste</span> <span class='ocrx_word' id='word_1_185' title='bbox 376 3858 504 3937; x_wconf 83' lang='lat' dir='ltr'>captum</span> <span class='ocrx_word' id='word_1_186' title='bbox 519 3858 569 3918; x_wconf 81' lang='lat' dir='ltr'>est</span> <span class='ocrx_word' id='word_1_187' title='bbox 583 3852 743 3934; x_wconf 89' lang='lat' dir='ltr'>reddatur,</span> <span class='ocrx_word' id='word_1_188' title='bbox 758 3877 798 3920; x_wconf 88' lang='lat' dir='ltr'>ne</span> <span class='ocrx_word' id='word_1_189' title='bbox 822 3855 948 3919; x_wconf 87' lang='lat' dir='ltr'>audiam</span> <span class='ocrx_word' id='word_1_190' title='bbox 974 3855 1047 3921; x_wconf 86' lang='lat' dir='ltr'>inde</span> <span class='ocrx_word' id='word_1_191' title='bbox 1068 3856 1248 3923; x_wconf 85' lang='lat' dir='ltr'>clamorem.</span> 
     </span>
    </p>
   </div>
   <div class='ocr_carea' id='block_1_8' title="bbox 242 3960 1248 4158">
    <p class='ocr_par' dir='ltr' id='par_1_8' title="bbox 242 3960 1248 4158">
     <span class='ocr_line' id='line_1_26' title="bbox 242 3960 1248 4042; baseline 0.004 -16"><span class='ocrx_word' id='word_1_192' title='bbox 242 3962 288 4026; x_wconf 86' lang='lat' dir='ltr'>Et</span> <span class='ocrx_word' id='word_1_193' title='bbox 303 3960 365 4026; x_wconf 81' lang='lat' dir='ltr'>nisi</span> <span class='ocrx_word' id='word_1_194' title='bbox 379 3961 499 4042; x_wconf 77' lang='lat' dir='ltr'>feceris,</span> <span class='ocrx_word' id='word_1_195' title='bbox 515 3961 671 4028; x_wconf 81' lang='lat' dir='ltr'>Ricardus</span> <span class='ocrx_word' id='word_1_196' title='bbox 687 3965 800 4030; x_wconf 86' lang='lat' dir='ltr'>Basset</span> <span class='ocrx_word' id='word_1_197' title='bbox 810 3964 907 4030; x_wconf 81' lang='lat' dir='ltr'>faeiat</span> <span class='ocrx_word' id='word_1_198' title='bbox 916 3964 994 4031; x_wconf 90' lang='lat' dir='ltr'>fieri.</span> <span class='ocrx_word' id='word_1_199' title='bbox 1039 3966 1131 4031; x_wconf 83' lang='lat' dir='ltr'>Teste</span> <span class='ocrx_word' id='word_1_200' title='bbox 1140 3966 1248 4032; x_wconf 83' lang='lat' dir='ltr'>eudem</span> 
     </span>
     <span class='ocr_line' id='line_1_27' title="bbox 243 4071 776 4158; baseline 0.006 -22"><span class='ocrx_word' id='word_1_201' title='bbox 243 4071 378 4139; x_wconf 84' lang='lat' dir='ltr'>Ricardo</span> <span class='ocrx_word' id='word_1_202' title='bbox 393 4074 507 4138; x_wconf 82' lang='lat' dir='ltr'>Basset</span> <span class='ocrx_word' id='word_1_203' title='bbox 520 4072 604 4158; x_wconf 90' lang='lat' dir='ltr'>apud</span> <span class='ocrx_word' id='word_1_204' title='bbox 620 4072 776 4139; x_wconf 84' lang='lat' dir='ltr'>Udeatok.</span> 
     </span>
    </p>
   </div>
   <div class='ocr_carea' id='block_1_9' title="bbox 309 4257 1180 4322">
    <p class='ocr_par' dir='ltr' id='par_1_9' title="bbox 309 4257 1180 4322">
     <span class='ocr_line' id='line_1_28' title="bbox 309 4257 1180 4322; baseline 0.001 -15"><span class='ocrx_word' id='word_1_205' title='bbox 309 4258 316 4290; x_wconf 90' lang='lat'>¹</span> <span class='ocrx_word' id='word_1_206' title='bbox 336 4258 437 4319; x_wconf 76' lang='lat' dir='ltr'>Madox,</span> <span class='ocrx_word' id='word_1_207' title='bbox 450 4258 520 4308; x_wconf 70' lang='lat' dir='ltr'>nist.</span> <span class='ocrx_word' id='word_1_208' title='bbox 532 4257 612 4307; x_wconf 72' lang='lat' dir='ltr'><strong>Exoh.</strong></span> <span class='ocrx_word' id='word_1_209' title='bbox 624 4259 671 4307; x_wconf 76' lang='lat'>141</span> <span class='ocrx_word' id='word_1_210' title='bbox 684 4257 737 4322; x_wconf 81' lang='lat' dir='ltr'><strong>(fol.</strong></span> <span class='ocrx_word' id='word_1_211' title='bbox 750 4260 810 4319; x_wconf 76' lang='lat' dir='ltr'>ed).</span> <span class='ocrx_word' id='word_1_212' title='bbox 1050 4259 1112 4308; x_wconf 83' lang='lat' dir='ltr'><strong>¹1b.</strong></span> <span class='ocrx_word' id='word_1_213' title='bbox 1124 4259 1180 4310; x_wconf 77' lang='lat'>4³5.</span> 
     </span>
    </p>
   </div>
   <div class='ocr_carea' id='block_1_10' title="bbox 0 0 1504 4972">
    <p class='ocr_par' dir='ltr' id='par_1_10' title="bbox 0 0 1504 4972">
     <span class='ocr_line' id='line_1_29' title="bbox 0 0 1504 4972; baseline 0 1"><span class='ocrx_word' id='word_1_214' title='bbox 0 0 1504 4972; x_wconf 95' lang='lat' dir='ltr'> </span> 
     </span>
    </p>
   </div>
  </div>
 </body>
</html>
