3000 4972
241 529 303 591 148
493 544 622 588 rurcns
646 541 992 588 nsum-nonusurucs.

245 773 404 856 [Caunos
427 791 467 836 ou
489 771 544 836 Sr.
560 772 756 835 Anossrrnn
779 789 819 834 os
841 771 1075 834 Crunsnnnnr.
1122 769 1246 854 1113]ι

244 931 311 997 [The
330 932 416 993 kinng
434 931 495 979 writ
512 930 641 992 dimoting
660 932 720 979 thot
737 932 783 979 tho
802 930 901 980 chureh
921 931 951 979 ol
964 931 1003 980 St.
1015 931 1164 994 Augustino
1180 933 1248 981 hsvs

308 1009 445 1071 poacoubls
464 1009 612 1071 possession
632 1008 662 1056 of
674 1009 775 1057 certain
792 1008 853 1056 lund
869 1008 975 1056 dovisod
993 1010 1028 1072 by
1040 1009 1072 1058 G.
1083 1010 1111 1058 in
1127 1010 1173 1058 the
1190 1025 1246 1071 pro·

309 1102 385 1136 sonco
395 1085 424 1135 of
434 1086 504 1148 legul
515 1084 673 1150 witnesses]

246 1228 450 1306 srnrrrnn,
473 1249 528 1290 rex
546 1226 736 1309 Anglorurn,
750 1226 988 1291 vicecomitibus
1010 1233 1042 1291 et
1060 1226 1247 1314 justiciariis

245 1338 284 1403 de
301 1339 400 1416 Kent‚
416 1337 563 1403 sulutem.
609 1336 760 1421 Praeoipio
775 1337 860 1420 quod
883 1337 1006 1401 faciatis
1020 1337 1135 1402 habere
1151 1337 1245 1402 eecle-

245 1448 298 1514 sius
324 1449 433 1514 Sancti
449 1447 626 1532 Augustini
650 1453 683 1512 et
707 1449 869 1512 monachis
894 1449 1011 1533 hugum
1034 1472 1135 1528 suam,
1151 1470 1247 1533 qnam

246 1559 439 1625 Gosceoldus
464 1559 509 1624 eis
535 1559 634 1637 dedit,
657 1557 703 1622 ita
726 1558 814 1637 bene,
832 1564 864 1623 et
890 1559 922 1622 in
947 1582 1032 1644 poce,
1048 1567 1082 1624 et
1101 1560 1199 1643 juste,
1214 1565 1247 1623 ct

245 1671 361 1756 quiete,
376 1678 409 1736 et
423 1671 519 1735 libere
541 1670 624 1734 sicut
645 1692 715 1734 earn
737 1670 781 1734 eis
796 1670 885 1734 dedit
899 1671 932 1734 in
955 1678 1056 1735 morte
1072 1694 1128 1735 sua
1142 1693 1247 1734 eoram

244 1781 401 1866 legalibus
415 1781 560 1845 testibus.
604 1781 648 1844 Et
664 1779 769 1844 videte
792 1802 831 1845 ne
847 1781 919 1846 inde
934 1781 1103 1846 clamorem
1118 1781 1247 1845 audiam

246 1915 303 1977 pro
327 1891 403 1957 recti
419 1891 470 1955 vel
489 1890 625 1978 justitiae
649 1890 797 1976 penuria;
822 1891 896 1976 quio
919 1892 991 1956 nolo
1014 1893 1097 1977 quod
1118 1892 1248 1956 ecclesia

245 2001 301 2066 illa
315 2000 465 2086 quicquid
480 2000 593 2084 perdat
615 2000 653 2065 de
671 2002 743 2085 jure
766 2025 832 2068 suo.
876 2004 969 2067 'Peste
986 2003 1110 2088 Rogero
1124 2002 1247 2068 cancel·

244 2110 333 2191 lario,
348 2111 432 2195 apud
447 2110 665 2177 Cantuarium.

247 2915 376 2996 [Asson
398 2935 438 2980 ou
459 2874 836 2983 nonanticurtis
859 2938 900 2982 nn
923 2919 1048 2986 Poons.
1103 2921 1249 3006 1143?]²

248 3100 316 3165 [Tho
327 3101 414 3165 king's
430 3103 491 3151 writ
502 3102 634 3167 directing
644 3104 704 3153 that
716 3106 761 3154 tho
779 3106 896 3168 pluintiff
909 3108 941 3157 bc
956 3109 1098 3170 permitted
1109 3114 1137 3159 to
1151 3111 1213 3159 hold
1220 3111 1249 3160 in

508 3195 587 3242 penos
598 3181 640 3231 his
651 3181 770 3231 hundred
781 3185 832 3232 ond
844 3184 972 3247 tonores]

249 3319 451 3398 Srurflsuus,
475 3342 530 3385 rex
559 3322 697 3407 Angliae,
725 3325 864 3390 Jorduno
893 3326 932 3390 dc
962 3327 1076 3406 Podiis,
1103 3328 1249 3396 salutem.

248 3427 399 3512 Praecipio
413 3428 484 3508 tibi,
499 3432 584 3514 quod
605 3434 800 3517 permittatis
822 3436 969 3501 abbatom
985 3437 1024 3503 de
1041 3438 1249 3504 Abbcndonia

247 3545 355 3604 tenere
370 3539 568 3605 hundredum
584 3566 689 3623 suum,
705 3552 737 3610 et
758 3569 867 3611 omnes
882 3556 1009 3613 tenuras
1024 3573 1105 3625 suas,
1122 3550 1200 3615 bene
1216 3558 1249 3617 et

246 3649 281 3712 in
304 3671 389 3734 paee,
412 3649 495 3714 sicut
517 3653 629 3718 melius
655 3655 760 3719 tenuit
782 3663 923 3742 tempore
945 3660 1030 3744 regis
1055 3662 1200 3743 Henrici,
1215 3670 1249 3728 et

246 3761 332 3826 sicut
354 3769 447 3826 cartae
471 3786 583 3848 regum
609 3771 780 3847 testantur,
796 3791 875 3852 quas
900 3770 973 3836 indo
997 3772 1104 3852 habet,
1119 3780 1153 3837 et
1175 3796 1248 3838 cum

244 3873 391 3938 omnibus
427 3873 628 3940 libertatibus
665 3877 738 3942 suis.
784 3881 876 3946 'Peste
913 3883 954 3945 Α.
991 3882 1103 3949 clerico
1113 3911 1124 3963 3
1164 3885 1249 3969 apud

247 3986 401 4050 Sanctum
418 3984 589 4051 Albanum.

464 4143 472 4174 ¹
490 4146 561 4197 Hist.
572 4149 642 4198 Mon.
656 4150 694 4200 St.
706 4151 775 4215 Aug.
786 4152 835 4201 882
849 4151 921 4217 (Boo.
934 4152 1026 4215 Com.)-

460 4225 471 4256 2
490 4223 586 4275 suist.
599 4226 669 4276 Mon.
680 4227 793 4291 Abingd
804 4229 853 4278 182
865 4230 940 4294 (Res.
952 4229 1046 4294 Gom).
