3000 4972
647 580 789 624 urrann
812 582 835 628 r.
1225 567 1243 626 5

241 728 478 814 episcopatuum
502 752 653 807 meorum,
677 739 710 798 ct
735 733 933 798 abbatiarum
963 733 1099 819 episcopi
1122 732 1185 797 mei
1209 738 1243 797 et

242 840 372 904 abbates
408 841 453 905 eis
488 842 539 906 vel
574 841 716 924 lenitate,
751 845 801 908 vel
837 845 952 909 timore
981 845 1032 910 vel
1069 844 1244 929 eupiditate

158 936 161 940 λ
241 950 405 1029 dederunt,
436 953 486 1017 vel
516 953 629 1019 babere
658 962 894 1035 consenserunt,
923 957 973 1021 vel
1002 956 1063 1041 ipsi
1092 955 1243 1022 violentia

243 1084 300 1125 sna
321 1063 394 1127 inde
416 1063 647 1145 abstraxerunt,
662 1072 695 1131 ct
716 1068 799 1152 quod
823 1068 976 1132 haetenus
1000 1067 1117 1151 injuste
1138 1087 1244 1150 posse·

241 1172 357 1237 derunt
382 1174 421 1238 de
446 1175 584 1240 dominio
607 1177 805 1241 ecclesiarum
828 1200 980 1258 mearum,
1002 1184 1035 1243 ct
1056 1177 1118 1242 uisi
1141 1175 1244 1241 reddi·

241 1285 356 1364 derint,
372 1285 455 1352 sicut
476 1309 528 1352 eos
550 1310 590 1352 cx
611 1288 793 1372 parte'mea
814 1288 1066 1368 summoncbitis,
1081 1311 1138 1353 vos
1159 1287 1244 1371 ipsos

241 1396 343 1460 velint
370 1396 476 1462 nolint
503 1399 712 1484 constringite
740 1400 876 1465 reddere.
930 1399 1024 1466 Quod
1053 1399 1081 1464 si
1109 1398 1243 1484 quilibet

242 1507 333 1586 alius,
344 1508 395 1572 vcl
409 1509 524 1593 aliquis
535 1516 688 1590 vestrum,
699 1511 815 1596 quibus
829 1511 910 1575 banc
920 1510 1081 1594 justitiam
1096 1507 1244 1594 imposui,

243 1617 382 1702 ejusdem
398 1619 529 1705 querelae
543 1620 651 1700 fuerit,
666 1621 776 1685 reddat
790 1621 936 1686 similiter
952 1621 1036 1706 quod
1052 1620 1091 1684 de
1105 1617 1245 1683 dominio

243 1728 480 1813 episcopatuum
491 1731 542 1795 vel
557 1728 755 1796 abbatiarum
771 1754 911 1796 mearum
926 1731 1101 1809 habuitne
1116 1735 1245 1814 propter

123 1900 132 1921 ,
245 1838 324 1903 illud
339 1841 424 1924 quod
446 1841 519 1905 inde
535 1841 649 1927 aliquis
664 1849 805 1907 vestrum
827 1842 966 1921 habebit,
982 1842 1089 1905 minus
1104 1845 1246 1906 exerceat

245 1973 338 2035 super
366 1973 452 2016 meos
482 1951 692 2034 vicecomites,
723 1953 772 2018 vel
801 1953 877 2018 alios
906 1953 1086 2039 quicunque
1115 1956 1247 2017 teneant

245 2060 420 2126 dominium
434 2062 636 2128 eeclesiarum
652 2086 805 2145 mearum,
819 2065 903 2149 quod
917 2064 1072 2150 praecipio.

279 2259 346 2325 [The
364 2262 496 2326 following
512 2264 574 2313 trial
592 2268 621 2313 at
634 2265 770 2314 Ponenden
781 2265 869 2314 Heath
886 2279 996 2329 appears
1008 2267 1036 2315 to
1046 2264 1112 2314 have
1122 2264 1188 2312 been
1208 2263 1248 2312 in-

245 2340 357 2388 stituted
368 2355 438 2403 upon
450 2342 495 2390 tha
506 2343 588 2391 abore
600 2342 700 2407 writ.]¹

288 2481 440 2564 Tempore
454 2481 565 2565 magni
576 2483 660 2566 regis
671 2483 850 2563 Willielmi,
862 2483 916 2568 qui
926 2482 1099 2566 Anglicum
1112 2504 1246 2566 regnum

246 2591 342 2655 armis
357 2593 560 2678 conquisivit,
575 2602 606 2659 et
622 2595 688 2659 suis
703 2596 877 2660 ditionibus
898 2595 1094 2679 subjugavit,
1110 2594 1248 2679 contigit

247 2702 391 2766 Odoncm
408 2704 611 2769 Baiocensam
626 2706 815 2790 episcopum,
826 2714 858 2770 et
868 2705 1006 2790 ejusdem
1019 2705 1104 2789 regis
1118 2705 1247 2769 fratrem

246 2815 348 2879 multo
357 2814 451 2879 citius
461 2817 775 2900 quamLanfrancum
784 2814 1249 2899 arehiepiscopuminAngliam
1300 2802 1368 2850 *Μ’
1382 2795 1396 2857 l·
1423 2836 1446 2859 ⁶⁸·

246 2925 363 3005 venire,
379 2931 474 3011 atque
494 2926 525 2991 in
543 2929 697 2992 comitatu
712 2928 750 2991 de
766 2928 871 2993 Chent
886 2948 958 2990 cum
974 2947 1093 3009 magna
1106 2926 1249 3009 potentia
1272 2921 1348 3005 td«,
1380 2948 1437 3028 soe,

246 3035 388 3115 residere,
403 3037 510 3122 ibique
531 3045 720 3123 potestatem
743 3060 807 3102 non
830 3037 987 3102 modicam
1009 3058 1159 3102 exercerc.
1204 3038 1249 3102 Et
1278 3072 1436 3149 *110th

246 3146 319 3232 quia
335 3147 399 3211 illis
414 3147 524 3212 diebus
546 3150 580 3213 in
600 3151 754 3215 comitatu
769 3149 824 3214 illo
838 3148 1004 3234 quisquam
1020 3169 1084 3211 non
1099 3156 1178 3229 erat,
1193 3147 1250 3233 qui

246 3263 345 3322 tanta
367 3259 564 3325 fortitudinis
579 3261 646 3326 viro
669 3261 810 3326 resistere
828 3265 943 3345 posset,
957 3263 1084 3343 propter
1098 3280 1250 3343 magnam
1367 3248 1371 3255 ⁴

247 3391 341 3454 quam
371 3369 483 3434 babuit
512 3376 714 3455 potestatem,
743 3377 842 3436 terras
871 3370 1047 3454 complures
1076 3370 1114 3434 de
1148 3369 1251 3434 archi·

246 3478 429 3563 episcopatu
467 3480 701 3545 cantuarberia
737 3485 771 3545 et
806 3479 1047 3545 consuetudines
1081 3478 1251 3544 nonnullas

247 3589 307 3653 sibi
330 3589 463 3673 arripuit
487 3597 583 3674 atquc
607 3612 761 3675 usurpans
783 3612 845 3654 sua
867 3588 1076 3653 dominationi
1096 3588 1269 3673 ascripsit.⁴

247 3700 361 3764 Postea
390 3722 463 3764 vero
500 3722 563 3763 non
601 3699 702 3764 multo
740 3705 889 3782 tempore,
918 3697 1056 3781 contigit
1085 3698 1251 3782 praefatum

248 3810 463 3874 Lanlrancum
486 3810 691 3875 Cadomensis
714 3809 848 3875 ecclcsiae
870 3808 1028 3887 abbatem,
1042 3808 1133 3891 jussu
1157 3807 1252 3891 regis,

247 3921 281 3985 in
312 3921 466 4006 Angliam
497 3944 620 4007 quoque
649 3921 766 3999 venire,
795 3925 890 4004 atque
919 3919 953 3982 in
983 3912 1252 4002 archiepiscopatu

247 4031 481 4112 cantuariensi,
498 4031 566 4096 Deo
588 4032 784 4116 disponente,
805 4028 903 4093 totius
926 4027 1053 4112 Angliae
1076 4027 1167 4111 regni
1189 4026 1253 4109 pri-

248 4150 366 4207 matem
381 4142 586 4208 sublimatum
602 4166 678 4208 esse.
724 4139 791 4205 Ubi
813 4139 889 4202 dum
908 4137 1092 4224 aliquandiu
1107 4135 1254 4201 resideret

576 4330 584 4360 ¹
605 4329 721 4377 Scldcn's
734 4327 851 4383 Eadmcr,
865 4322 921 4372 197.
