<?xml version="1.0" encoding="UTF-8"?>
<!DOCTYPE html PUBLIC "-//W3C//DTD XHTML 1.0 Transitional//EN"
    "http://www.w3.org/TR/xhtml1/DTD/xhtml1-transitional.dtd">
<html xmlns="http://www.w3.org/1999/xhtml" xml:lang="en" lang="en">
 <head>
  <title>
</title>
<meta http-equiv="Content-Type" content="text/html;charset=utf-8" />
  <meta name='ocr-system' content='tesseract 3.04.00' />
  <meta name='ocr-capabilities' content='ocr_page ocr_carea ocr_par ocr_line ocrx_word'/>
</head>
<body>
  <div class='ocr_page' id='page_1' title='image "./placitaanglonor00bigegoog_0330.png"; bbox 0 0 3000 4972; ppageno 0'>
   <div class='ocr_carea' id='block_1_1' title="bbox 644 572 1238 638">
    <p class='ocr_par' dir='ltr' id='par_1_1' title="bbox 644 572 1238 638">
     <span class='ocr_line' id='line_1_1' title="bbox 644 572 1238 638; baseline 0.003 -5"><span class='ocrx_word' id='word_1_1' title='bbox 644 589 761 634; x_wconf 66' lang='lat' dir='ltr'>nenne</span> <span class='ocrx_word' id='word_1_2' title='bbox 784 591 823 635; x_wconf 90' lang='lat'>11.</span> <span class='ocrx_word' id='word_1_3' title='bbox 1176 572 1238 638; x_wconf 74' lang='lat'>261</span> 
     </span>
    </p>
   </div>
   <div class='ocr_carea' id='block_1_2' title="bbox 241 740 1251 2154">
    <p class='ocr_par' dir='ltr' id='par_1_2' title="bbox 241 740 1251 2154">
     <span class='ocr_line' id='line_1_2' title="bbox 241 740 1242 829; baseline 0.005 -25"><span class='ocrx_word' id='word_1_4' title='bbox 241 746 364 805; x_wconf 82' lang='lat' dir='ltr'>teretur</span> <span class='ocrx_word' id='word_1_5' title='bbox 387 740 557 818; x_wconf 88' lang='lat' dir='ltr'>sententia,</span> <span class='ocrx_word' id='word_1_6' title='bbox 573 741 606 803; x_wconf 92' lang='lat' dir='ltr'>in</span> <span class='ocrx_word' id='word_1_7' title='bbox 622 740 748 825; x_wconf 88' lang='lat' dir='ltr'>publica</span> <span class='ocrx_word' id='word_1_8' title='bbox 764 742 906 806; x_wconf 86' lang='lat' dir='ltr'>custodia</span> <span class='ocrx_word' id='word_1_9' title='bbox 922 743 1077 808; x_wconf 87' lang='lat' dir='ltr'>Bedeford</span> <span class='ocrx_word' id='word_1_10' title='bbox 1093 766 1242 829; x_wconf 83' lang='lat' dir='ltr'>suspenso</span> 
     </span>
     <span class='ocr_line' id='line_1_3' title="bbox 242 850 1242 936; baseline 0.004 -23"><span class='ocrx_word' id='word_1_11' title='bbox 242 850 364 936; x_wconf 88' lang='lat' dir='ltr'>judicio</span> <span class='ocrx_word' id='word_1_12' title='bbox 388 875 442 934; x_wconf 87' lang='lat' dir='ltr'>per</span> <span class='ocrx_word' id='word_1_13' title='bbox 458 873 597 915; x_wconf 87' lang='lat' dir='ltr'>mensem</span> <span class='ocrx_word' id='word_1_14' title='bbox 615 858 724 916; x_wconf 86' lang='lat' dir='ltr'>tentus</span> <span class='ocrx_word' id='word_1_15' title='bbox 738 858 797 916; x_wconf 87' lang='lat' dir='ltr'>est.</span> <span class='ocrx_word' id='word_1_16' title='bbox 823 904 830 917; x_wconf 93' lang='lat'><strong><em>.</em></strong></span> <span class='ocrx_word' id='word_1_17' title='bbox 856 903 863 917; x_wconf 95' lang='lat'><strong>.</strong></span> <span class='ocrx_word' id='word_1_18' title='bbox 889 902 896 917; x_wconf 93' lang='lat'><strong>.</strong></span> <span class='ocrx_word' id='word_1_19' title='bbox 920 855 1055 917; x_wconf 84' lang='lat' dir='ltr'>Factum</span> <span class='ocrx_word' id='word_1_20' title='bbox 1070 861 1120 919; x_wconf 86' lang='lat' dir='ltr'>est</span> <span class='ocrx_word' id='word_1_21' title='bbox 1134 862 1242 919; x_wconf 87' lang='lat' dir='ltr'>autem</span> 
     </span>
     <span class='ocr_line' id='line_1_4' title="bbox 244 962 1244 1049; baseline 0.005 -26"><span class='ocrx_word' id='word_1_22' title='bbox 244 971 281 1028; x_wconf 93' lang='lat' dir='ltr'>ut</span> <span class='ocrx_word' id='word_1_23' title='bbox 300 963 559 1029; x_wconf 85' lang='lat' dir='ltr'>convenientibus</span> <span class='ocrx_word' id='word_1_24' title='bbox 575 963 614 1027; x_wconf 85' lang='lat' dir='ltr'>ad</span> <span class='ocrx_word' id='word_1_25' title='bbox 629 962 734 1028; x_wconf 87' lang='lat' dir='ltr'>vicum</span> <span class='ocrx_word' id='word_1_26' title='bbox 753 965 901 1048; x_wconf 86' lang='lat' dir='ltr'>Legtune</span> <span class='ocrx_word' id='word_1_27' title='bbox 917 964 1159 1049; x_wconf 82' lang='lat' dir='ltr'>magistratibus</span> <span class='ocrx_word' id='word_1_28' title='bbox 1173 988 1244 1030; x_wconf 83' lang='lat' dir='ltr'>rcus</span> 
     </span>
     <span class='ocr_line' id='line_1_5' title="bbox 242 1073 1243 1158; baseline 0.001 -19"><span class='ocrx_word' id='word_1_29' title='bbox 242 1099 278 1139; x_wconf 91' lang='lat' dir='ltr'>eo</span> <span class='ocrx_word' id='word_1_30' title='bbox 301 1074 477 1138; x_wconf 79' lang='lat' dir='ltr'>duceretur.</span> <span class='ocrx_word' id='word_1_31' title='bbox 523 1073 590 1136; x_wconf 94' lang='lat' dir='ltr'>Ubi</span> <span class='ocrx_word' id='word_1_32' title='bbox 616 1096 689 1137; x_wconf 88' lang='lat' dir='ltr'>eum</span> <span class='ocrx_word' id='word_1_33' title='bbox 714 1073 895 1158; x_wconf 90' lang='lat' dir='ltr'>impetitore</span> <span class='ocrx_word' id='word_1_34' title='bbox 910 1097 965 1139; x_wconf 85' lang='lat' dir='ltr'>suo</span> <span class='ocrx_word' id='word_1_35' title='bbox 982 1076 1120 1140; x_wconf 85' lang='lat' dir='ltr'>Fulcone</span> <span class='ocrx_word' id='word_1_36' title='bbox 1135 1098 1243 1140; x_wconf 91' lang='lat' dir='ltr'>mono·</span> 
     </span>
     <span class='ocr_line' id='line_1_6' title="bbox 244 1183 1243 1269; baseline 0.001 -21"><span class='ocrx_word' id='word_1_37' title='bbox 244 1185 400 1249; x_wconf 77' lang='lat' dir='ltr'>muchium</span> <span class='ocrx_word' id='word_1_38' title='bbox 426 1184 507 1248; x_wconf 89' lang='lat' dir='ltr'>inire</span> <span class='ocrx_word' id='word_1_39' title='bbox 533 1189 591 1248; x_wconf 86' lang='lat' dir='ltr'>aut</span> <span class='ocrx_word' id='word_1_40' title='bbox 610 1183 768 1269; x_wconf 89' lang='lat' dir='ltr'>judicium</span> <span class='ocrx_word' id='word_1_41' title='bbox 799 1184 885 1268; x_wconf 84' lang='lat' dir='ltr'>ignis</span> <span class='ocrx_word' id='word_1_42' title='bbox 916 1185 1021 1250; x_wconf 84' lang='lat' dir='ltr'>subire</span> <span class='ocrx_word' id='word_1_43' title='bbox 1051 1185 1243 1269; x_wconf 83' lang='lat' dir='ltr'>postulavit3</span> 
     </span>
     <span class='ocr_line' id='line_1_7' title="bbox 245 1292 1244 1381; baseline 0.002 -23"><span class='ocrx_word' id='word_1_44' title='bbox 245 1296 299 1359; x_wconf 87' lang='lat' dir='ltr'>sed</span> <span class='ocrx_word' id='word_1_45' title='bbox 332 1298 492 1358; x_wconf 82' lang='lat' dir='ltr'>annuente</span> <span class='ocrx_word' id='word_1_46' title='bbox 522 1292 660 1358; x_wconf 84' lang='lat' dir='ltr'>Fulcone</span> <span class='ocrx_word' id='word_1_47' title='bbox 690 1294 878 1379; x_wconf 87' lang='lat' dir='ltr'>apparitore,</span> <span class='ocrx_word' id='word_1_48' title='bbox 916 1295 970 1379; x_wconf 94' lang='lat' dir='ltr'>qui</span> <span class='ocrx_word' id='word_1_49' title='bbox 1008 1295 1048 1360; x_wconf 95' lang='lat' dir='ltr'>ob</span> <span class='ocrx_word' id='word_1_50' title='bbox 1078 1296 1111 1360; x_wconf 94' lang='lat' dir='ltr'>id</span> <span class='ocrx_word' id='word_1_51' title='bbox 1140 1296 1244 1381; x_wconf 89' lang='lat' dir='ltr'>ipsum</span> 
     </span>
     <span class='ocr_line' id='line_1_8' title="bbox 245 1404 1246 1492; baseline 0.002 -22"><span class='ocrx_word' id='word_1_52' title='bbox 245 1407 362 1470; x_wconf 91' lang='lat' dir='ltr'>bovum</span> <span class='ocrx_word' id='word_1_53' title='bbox 374 1412 544 1489; x_wconf 86' lang='lat' dir='ltr'>acceperet,</span> <span class='ocrx_word' id='word_1_54' title='bbox 559 1404 678 1491; x_wconf 90' lang='lat' dir='ltr'>judicio</span> <span class='ocrx_word' id='word_1_55' title='bbox 688 1428 778 1491; x_wconf 82' lang='lat' dir='ltr'>aquae</span> <span class='ocrx_word' id='word_1_56' title='bbox 787 1405 986 1490; x_wconf 83' lang='lat' dir='ltr'>adjudicatus</span> <span class='ocrx_word' id='word_1_57' title='bbox 1001 1412 1060 1487; x_wconf 86' lang='lat' dir='ltr'>est,</span> <span class='ocrx_word' id='word_1_58' title='bbox 1070 1429 1111 1471; x_wconf 91' lang='lat' dir='ltr'>ne</span> <span class='ocrx_word' id='word_1_59' title='bbox 1122 1430 1246 1492; x_wconf 90' lang='lat' dir='ltr'>quoquo</span> 
     </span>
     <span class='ocr_line' id='line_1_9' title="bbox 247 1516 1246 1601; baseline 0 -19"><span class='ocrx_word' id='word_1_60' title='bbox 247 1518 339 1582; x_wconf 92' lang='lat' dir='ltr'>modo</span> <span class='ocrx_word' id='word_1_61' title='bbox 362 1517 490 1582; x_wconf 87' lang='lat' dir='ltr'>evadere</span> <span class='ocrx_word' id='word_1_62' title='bbox 514 1523 628 1601; x_wconf 83' lang='lat' dir='ltr'>posset.</span> <span class='ocrx_word' id='word_1_63' title='bbox 675 1517 755 1581; x_wconf 91' lang='lat' dir='ltr'>Inde</span> <span class='ocrx_word' id='word_1_64' title='bbox 780 1516 934 1582; x_wconf 83' lang='lat' dir='ltr'>Bedeford</span> <span class='ocrx_word' id='word_1_65' title='bbox 956 1517 1115 1597; x_wconf 88' lang='lat' dir='ltr'>reductus,</span> <span class='ocrx_word' id='word_1_66' title='bbox 1130 1519 1164 1581; x_wconf 92' lang='lat' dir='ltr'>in</span> <span class='ocrx_word' id='word_1_67' title='bbox 1180 1541 1246 1582; x_wconf 87' lang='lat' dir='ltr'>car·</span> 
     </span>
     <span class='ocr_line' id='line_1_10' title="bbox 246 1626 1248 1714; baseline -0.001 -20"><span class='ocrx_word' id='word_1_68' title='bbox 246 1651 313 1694; x_wconf 89' lang='lat' dir='ltr'>cere</span> <span class='ocrx_word' id='word_1_69' title='bbox 343 1649 483 1691; x_wconf 89' lang='lat' dir='ltr'>mensem</span> <span class='ocrx_word' id='word_1_70' title='bbox 513 1626 631 1710; x_wconf 78' lang='lat' dir='ltr'>exegit.</span> <span class='ocrx_word' id='word_1_71' title='bbox 686 1626 759 1692; x_wconf 78' lang='lat' dir='ltr'>Quo</span> <span class='ocrx_word' id='word_1_72' title='bbox 788 1627 1050 1692; x_wconf 87' lang='lat' dir='ltr'>convenientibus</span> <span class='ocrx_word' id='word_1_73' title='bbox 1076 1629 1248 1714; x_wconf 84' lang='lat' dir='ltr'>judicibus,</span> 
     </span>
     <span class='ocr_line' id='line_1_11' title="bbox 247 1736 1249 1821; baseline -0.002 -17"><span class='ocrx_word' id='word_1_74' title='bbox 247 1763 321 1805; x_wconf 90' lang='lat' dir='ltr'>eum</span> <span class='ocrx_word' id='word_1_75' title='bbox 339 1737 461 1821; x_wconf 89' lang='lat' dir='ltr'>judicio</span> <span class='ocrx_word' id='word_1_76' title='bbox 484 1759 571 1821; x_wconf 81' lang='lat' dir='ltr'>aquae</span> <span class='ocrx_word' id='word_1_77' title='bbox 586 1736 763 1801; x_wconf 86' lang='lat' dir='ltr'>traderetur</span> <span class='ocrx_word' id='word_1_78' title='bbox 778 1737 1017 1816; x_wconf 75' lang='lat' dir='ltr'>examinanduS,</span> <span class='ocrx_word' id='word_1_79' title='bbox 1033 1739 1249 1804; x_wconf 77' lang='lat' dir='ltr'>damnationis</span> 
     </span>
     <span class='ocr_line' id='line_1_12' title="bbox 248 1847 1247 1932; baseline 0 -19"><span class='ocrx_word' id='word_1_80' title='bbox 248 1872 311 1914; x_wconf 83' lang='lat' dir='ltr'>suae</span> <span class='ocrx_word' id='word_1_81' title='bbox 339 1847 465 1912; x_wconf 79' lang='lat' dir='ltr'>tristem</span> <span class='ocrx_word' id='word_1_82' title='bbox 495 1847 619 1931; x_wconf 83' lang='lat' dir='ltr'>excepit</span> <span class='ocrx_word' id='word_1_83' title='bbox 641 1847 842 1927; x_wconf 81' lang='lat' dir='ltr'>sententiam,</span> <span class='ocrx_word' id='word_1_84' title='bbox 866 1847 1059 1932; x_wconf 85' lang='lat' dir='ltr'>eductusque</span> <span class='ocrx_word' id='word_1_85' title='bbox 1081 1849 1120 1913; x_wconf 84' lang='lat' dir='ltr'>ad</span> <span class='ocrx_word' id='word_1_86' title='bbox 1143 1850 1247 1914; x_wconf 90' lang='lat' dir='ltr'>locum</span> 
     </span>
     <span class='ocr_line' id='line_1_13' title="bbox 249 1956 1251 2044; baseline 0 -22"><span class='ocrx_word' id='word_1_87' title='bbox 249 1958 406 2044; x_wconf 83' lang='lat' dir='ltr'>supplicii,</span> <span class='ocrx_word' id='word_1_88' title='bbox 415 1957 512 2022; x_wconf 88' lang='lat' dir='ltr'>oculis</span> <span class='ocrx_word' id='word_1_89' title='bbox 524 1956 642 2022; x_wconf 85' lang='lat' dir='ltr'>effossis</span> <span class='ocrx_word' id='word_1_90' title='bbox 657 1962 690 2021; x_wconf 93' lang='lat' dir='ltr'>et</span> <span class='ocrx_word' id='word_1_91' title='bbox 705 1956 849 2021; x_wconf 84' lang='lat' dir='ltr'>virilibus</span> <span class='ocrx_word' id='word_1_92' title='bbox 865 1956 993 2021; x_wconf 82' lang='lat' dir='ltr'>abscisis</span> <span class='ocrx_word' id='word_1_93' title='bbox 1009 1957 1176 2022; x_wconf 77' lang='lat' dir='ltr'>mutilatus</span> <span class='ocrx_word' id='word_1_94' title='bbox 1188 1964 1251 2038; x_wconf 86' lang='lat' dir='ltr'>est,</span> 
     </span>
     <span class='ocr_line' id='line_1_14' title="bbox 249 2067 1136 2154; baseline 0.001 -22"><span class='ocrx_word' id='word_1_95' title='bbox 249 2092 318 2154; x_wconf 84' lang='lat' dir='ltr'>quae</span> <span class='ocrx_word' id='word_1_96' title='bbox 334 2068 540 2133; x_wconf 89' lang='lat' dir='ltr'>multitudine</span> <span class='ocrx_word' id='word_1_97' title='bbox 556 2067 682 2132; x_wconf 87' lang='lat' dir='ltr'>vidente</span> <span class='ocrx_word' id='word_1_98' title='bbox 697 2067 798 2151; x_wconf 88' lang='lat' dir='ltr'>plebis</span> <span class='ocrx_word' id='word_1_99' title='bbox 813 2073 902 2133; x_wconf 79' lang='lat' dir='ltr'>terreo</span> <span class='ocrx_word' id='word_1_100' title='bbox 917 2067 1036 2132; x_wconf 84' lang='lat' dir='ltr'>infossa</span> <span class='ocrx_word' id='word_1_101' title='bbox 1050 2074 1136 2133; x_wconf 85' lang='lat' dir='ltr'>sunt.</span> 
     </span>
    </p>
   </div>
   <div class='ocr_carea' id='block_1_3' title="bbox 250 2204 1257 2346">
    <p class='ocr_par' dir='ltr' id='par_1_3' title="bbox 250 2204 1257 2346">
     <span class='ocr_line' id='line_1_15' title="bbox 282 2204 1257 2272; baseline 0.002 -17"><span class='ocrx_word' id='word_1_102' title='bbox 282 2207 336 2255; x_wconf 85' lang='lat' dir='ltr'>The</span> <span class='ocrx_word' id='word_1_103' title='bbox 357 2206 502 2254; x_wconf 87' lang='lat' dir='ltr'>chronicler</span> <span class='ocrx_word' id='word_1_104' title='bbox 525 2204 648 2267; x_wconf 76' lang='lat' dir='ltr'>proceeds</span> <span class='ocrx_word' id='word_1_105' title='bbox 671 2208 699 2253; x_wconf 91' lang='lat' dir='ltr'>to</span> <span class='ocrx_word' id='word_1_106' title='bbox 721 2206 804 2254; x_wconf 77' lang='lat' dir='ltr'>talete</span> <span class='ocrx_word' id='word_1_107' title='bbox 832 2205 877 2253; x_wconf 84' lang='lat' dir='ltr'>the</span> <span class='ocrx_word' id='word_1_108' title='bbox 899 2205 1057 2255; x_wconf 82' lang='lat' dir='ltr'>mireouloue</span> <span class='ocrx_word' id='word_1_109' title='bbox 1081 2221 1204 2272; x_wconf 83' lang='lat' dir='ltr'>rocovory</span> <span class='ocrx_word' id='word_1_110' title='bbox 1227 2208 1257 2257; x_wconf 86' lang='lat' dir='ltr'>of</span> 
     </span>
     <span class='ocr_line' id='line_1_16' title="bbox 250 2282 1116 2346; baseline -0.001 -13"><span class='ocrx_word' id='word_1_111' title='bbox 250 2283 366 2333; x_wconf 81' lang='lat' dir='ltr'>Ailward</span> <span class='ocrx_word' id='word_1_112' title='bbox 380 2283 493 2345; x_wconf 78' lang='lat' dir='ltr'>through</span> <span class='ocrx_word' id='word_1_113' title='bbox 504 2282 549 2331; x_wconf 88' lang='lat' dir='ltr'>the</span> <span class='ocrx_word' id='word_1_114' title='bbox 561 2283 736 2332; x_wconf 70' lang='lat' dir='ltr'>interventioni</span> <span class='ocrx_word' id='word_1_115' title='bbox 748 2283 779 2331; x_wconf 86' lang='lat' dir='ltr'>oi</span> <span class='ocrx_word' id='word_1_116' title='bbox 788 2282 826 2331; x_wconf 83' lang='lat' dir='ltr'>St.</span> <span class='ocrx_word' id='word_1_117' title='bbox 838 2283 951 2333; x_wconf 74' lang='lat' dir='ltr'>&#39;rhomae</span> <span class='ocrx_word' id='word_1_118' title='bbox 965 2286 989 2345; x_wconf 69' lang='lat' dir='ltr'>(i</span> <span class='ocrx_word' id='word_1_119' title='bbox 1001 2283 1116 2346; x_wconf 84' lang='lat' dir='ltr'>Becket).</span> 
     </span>
    </p>
   </div>
   <div class='ocr_carea' id='block_1_4' title="bbox 256 2856 1259 3052">
    <p class='ocr_par' dir='ltr' id='par_1_4' title="bbox 256 2856 1259 3052">
     <span class='ocr_line' id='line_1_17' title="bbox 256 2856 1259 2945; baseline -0.004 -21"><span class='ocrx_word' id='word_1_120' title='bbox 256 2856 388 2945; x_wconf 80' lang='lat' dir='ltr'>[Annon</span> <span class='ocrx_word' id='word_1_121' title='bbox 406 2858 567 2924; x_wconf 80' lang='lat' dir='ltr'>Wmnmn</span> <span class='ocrx_word' id='word_1_122' title='bbox 583 2882 611 2923; x_wconf 83' lang='lat' dir='ltr'>u.</span> <span class='ocrx_word' id='word_1_123' title='bbox 628 2858 729 2936; x_wconf 85' lang='lat' dir='ltr'>Joun,</span> <span class='ocrx_word' id='word_1_124' title='bbox 751 2876 819 2921; x_wconf 81' lang='lat' dir='ltr'>nnn</span> <span class='ocrx_word' id='word_1_125' title='bbox 842 2857 996 2937; x_wconf 80' lang='lat' dir='ltr'>Menoec,</span> <span class='ocrx_word' id='word_1_126' title='bbox 1010 2877 1078 2921; x_wconf 78' lang='lat' dir='ltr'>nnn</span> <span class='ocrx_word' id='word_1_127' title='bbox 1094 2858 1259 2935; x_wconf 75' lang='lat' dir='ltr'>R1cnnnn,</span> 
     </span>
     <span class='ocr_line' id='line_1_18' title="bbox 615 2970 912 3052; baseline -0.01 -18"><span class='ocrx_word' id='word_1_128' title='bbox 615 2972 682 3034; x_wconf 83' lang='lat' dir='ltr'>Seu</span> <span class='ocrx_word' id='word_1_129' title='bbox 697 2988 736 3032; x_wconf 83' lang='lat' dir='ltr'>or</span> <span class='ocrx_word' id='word_1_130' title='bbox 751 2970 889 3052; x_wconf 68' lang='lat' dir='ltr'>Eunu]</span> <span class='ocrx_word' id='word_1_131' title='bbox 904 2971 912 3003; x_wconf 92' lang='lat'><strong>¹</strong></span> 
     </span>
    </p>
   </div>
   <div class='ocr_carea' id='block_1_5' title="bbox 259 3104 1263 3172">
    <p class='ocr_par' dir='ltr' id='par_1_5' title="bbox 259 3104 1263 3172">
     <span class='ocr_line' id='line_1_19' title="bbox 259 3104 1263 3172; baseline -0.002 -16"><span class='ocrx_word' id='word_1_132' title='bbox 259 3107 326 3172; x_wconf 80' lang='lat' dir='ltr'>[The</span> <span class='ocrx_word' id='word_1_133' title='bbox 343 3108 460 3171; x_wconf 84' lang='lat' dir='ltr'>plaintiff</span> <span class='ocrx_word' id='word_1_134' title='bbox 473 3107 565 3156; x_wconf 80' lang='lat' dir='ltr'>claime</span> <span class='ocrx_word' id='word_1_135' title='bbox 581 3123 598 3156; x_wconf 83' lang='lat' dir='ltr'>a</span> <span class='ocrx_word' id='word_1_136' title='bbox 609 3105 737 3169; x_wconf 78' lang='lat' dir='ltr'>cartilage</span> <span class='ocrx_word' id='word_1_137' title='bbox 749 3105 777 3154; x_wconf 91' lang='lat' dir='ltr'>in</span> <span class='ocrx_word' id='word_1_138' title='bbox 791 3104 900 3154; x_wconf 82' lang='lat' dir='ltr'>London</span> <span class='ocrx_word' id='word_1_139' title='bbox 912 3105 948 3169; x_wconf 84' lang='lat' dir='ltr'>by</span> <span class='ocrx_word' id='word_1_140' title='bbox 958 3110 1038 3168; x_wconf 74' lang='lat' dir='ltr'>grant</span> <span class='ocrx_word' id='word_1_141' title='bbox 1050 3105 1081 3153; x_wconf 85' lang='lat' dir='ltr'>os</span> <span class='ocrx_word' id='word_1_142' title='bbox 1089 3105 1137 3167; x_wconf 68' lang='lat' dir='ltr'>W„</span> <span class='ocrx_word' id='word_1_143' title='bbox 1148 3105 1263 3168; x_wconf 78' lang='lat' dir='ltr'>alleging</span> 
     </span>
    </p>
   </div>
   <div class='ocr_carea' id='block_1_6' title="bbox 322 3181 1264 3561">
    <p class='ocr_par' dir='ltr' id='par_1_6' title="bbox 322 3181 1264 3561">
     <span class='ocr_line' id='line_1_20' title="bbox 322 3181 1262 3247; baseline -0.003 -13"><span class='ocrx_word' id='word_1_144' title='bbox 322 3185 383 3234; x_wconf 84' lang='lat' dir='ltr'>that</span> <span class='ocrx_word' id='word_1_145' title='bbox 405 3187 427 3234; x_wconf 87' lang='lat' dir='ltr'>it</span> <span class='ocrx_word' id='word_1_146' title='bbox 443 3185 496 3233; x_wconf 82' lang='lat' dir='ltr'>hed</span> <span class='ocrx_word' id='word_1_147' title='bbox 515 3185 581 3233; x_wconf 83' lang='lat' dir='ltr'>been</span> <span class='ocrx_word' id='word_1_148' title='bbox 598 3183 714 3247; x_wconf 76' lang='lat' dir='ltr'>illegnlly</span> <span class='ocrx_word' id='word_1_149' title='bbox 735 3182 859 3245; x_wconf 87' lang='lat' dir='ltr'>occupied</span> <span class='ocrx_word' id='word_1_150' title='bbox 878 3183 915 3247; x_wconf 86' lang='lat' dir='ltr'>by</span> <span class='ocrx_word' id='word_1_151' title='bbox 935 3183 980 3230; x_wconf 87' lang='lat' dir='ltr'>tho</span> <span class='ocrx_word' id='word_1_152' title='bbox 1002 3181 1165 3232; x_wconf 70' lang='lat' dir='ltr'>defendente</span> <span class='ocrx_word' id='word_1_153' title='bbox 1208 3182 1262 3231; x_wconf 82' lang='lat' dir='ltr'>Tire</span> 
     </span>
     <span class='ocr_line' id='line_1_21' title="bbox 322 3260 1262 3327; baseline -0.003 -15"><span class='ocrx_word' id='word_1_154' title='bbox 322 3263 409 3327; x_wconf 82' lang='lat' dir='ltr'>king&#39;s</span> <span class='ocrx_word' id='word_1_155' title='bbox 424 3263 485 3312; x_wconf 85' lang='lat' dir='ltr'>writ</span> <span class='ocrx_word' id='word_1_156' title='bbox 502 3262 599 3311; x_wconf 80' lang='lat' dir='ltr'>directe</span> <span class='ocrx_word' id='word_1_157' title='bbox 618 3262 679 3310; x_wconf 85' lang='lat' dir='ltr'>that</span> <span class='ocrx_word' id='word_1_158' title='bbox 691 3262 735 3310; x_wconf 84' lang='lat' dir='ltr'>the</span> <span class='ocrx_word' id='word_1_159' title='bbox 755 3260 875 3323; x_wconf 79' lang='lat' dir='ltr'>question</span> <span class='ocrx_word' id='word_1_160' title='bbox 891 3262 924 3309; x_wconf 88' lang='lat' dir='ltr'>bc</span> <span class='ocrx_word' id='word_1_161' title='bbox 935 3260 1043 3309; x_wconf 87' lang='lat' dir='ltr'>decided</span> <span class='ocrx_word' id='word_1_162' title='bbox 1054 3261 1090 3325; x_wconf 85' lang='lat' dir='ltr'>by</span> <span class='ocrx_word' id='word_1_163' title='bbox 1101 3260 1262 3323; x_wconf 73' lang='lat' dir='ltr'>inquisition.</span> 
     </span>
     <span class='ocr_line' id='line_1_22' title="bbox 323 3337 1263 3400; baseline -0.004 -10"><span class='ocrx_word' id='word_1_164' title='bbox 323 3341 377 3390; x_wconf 74' lang='lat' dir='ltr'>&#39;Phe</span> <span class='ocrx_word' id='word_1_165' title='bbox 384 3340 547 3398; x_wconf 80' lang='lat' dir='ltr'>defendente,</span> <span class='ocrx_word' id='word_1_166' title='bbox 560 3338 712 3388; x_wconf 77' lang='lat' dir='ltr'>summoned</span> <span class='ocrx_word' id='word_1_167' title='bbox 721 3338 805 3387; x_wconf 86' lang='lat' dir='ltr'>thrieo</span> <span class='ocrx_word' id='word_1_168' title='bbox 816 3341 845 3386; x_wconf 88' lang='lat' dir='ltr'>to</span> <span class='ocrx_word' id='word_1_169' title='bbox 854 3337 899 3386; x_wconf 87' lang='lat' dir='ltr'>the</span> <span class='ocrx_word' id='word_1_170' title='bbox 911 3337 992 3387; x_wconf 84' lang='lat' dir='ltr'>Court</span> <span class='ocrx_word' id='word_1_171' title='bbox 1003 3337 1033 3386; x_wconf 87' lang='lat' dir='ltr'>oi</span> <span class='ocrx_word' id='word_1_172' title='bbox 1041 3338 1179 3400; x_wconf 80' lang='lat' dir='ltr'>Huntinge,</span> <span class='ocrx_word' id='word_1_173' title='bbox 1186 3337 1263 3386; x_wconf 81' lang='lat' dir='ltr'>make</span> 
     </span>
     <span class='ocr_line' id='line_1_23' title="bbox 324 3415 1264 3479; baseline -0.004 -13"><span class='ocrx_word' id='word_1_174' title='bbox 324 3418 434 3479; x_wconf 82' lang='lat' dir='ltr'>defuult,</span> <span class='ocrx_word' id='word_1_175' title='bbox 451 3417 503 3467; x_wconf 84' lang='lat' dir='ltr'>und</span> <span class='ocrx_word' id='word_1_176' title='bbox 522 3417 568 3466; x_wconf 78' lang='lat' dir='ltr'>the</span> <span class='ocrx_word' id='word_1_177' title='bbox 589 3416 706 3478; x_wconf 82' lang='lat' dir='ltr'>pluintiff</span> <span class='ocrx_word' id='word_1_178' title='bbox 719 3430 838 3464; x_wconf 80' lang='lat' dir='ltr'>recovore</span> <span class='ocrx_word' id='word_1_179' title='bbox 856 3416 892 3479; x_wconf 86' lang='lat' dir='ltr'>by</span> <span class='ocrx_word' id='word_1_180' title='bbox 912 3417 958 3464; x_wconf 91' lang='lat' dir='ltr'>the</span> <span class='ocrx_word' id='word_1_181' title='bbox 978 3415 1078 3478; x_wconf 80' lang='lat' dir='ltr'>finding</span> <span class='ocrx_word' id='word_1_182' title='bbox 1097 3415 1128 3464; x_wconf 85' lang='lat' dir='ltr'>os</span> <span class='ocrx_word' id='word_1_183' title='bbox 1144 3415 1264 3464; x_wconf 85' lang='lat' dir='ltr'>sonrteen</span> 
     </span>
     <span class='ocr_line' id='line_1_24' title="bbox 325 3496 405 3561; baseline 0.013 -17"><span class='ocrx_word' id='word_1_184' title='bbox 325 3496 405 3561; x_wconf 82' lang='lat' dir='ltr'>men]</span> 
     </span>
    </p>
   </div>
   <div class='ocr_carea' id='block_1_7' title="bbox 263 3607 1267 4130">
    <p class='ocr_par' dir='ltr' id='par_1_7' title="bbox 263 3607 1267 4130">
     <span class='ocr_line' id='line_1_25' title="bbox 264 3607 1265 3675; baseline -0.004 -2"><span class='ocrx_word' id='word_1_185' title='bbox 264 3610 511 3675; x_wconf 77' lang='lat' dir='ltr'>Gunnnnnunus</span> <span class='ocrx_word' id='word_1_186' title='bbox 526 3610 610 3673; x_wconf 90' lang='lat' dir='ltr'>filius</span> <span class='ocrx_word' id='word_1_187' title='bbox 627 3608 754 3673; x_wconf 84' lang='lat' dir='ltr'>Ranulfi</span> <span class='ocrx_word' id='word_1_188' title='bbox 770 3608 858 3673; x_wconf 89' lang='lat' dir='ltr'>dedit</span> <span class='ocrx_word' id='word_1_189' title='bbox 871 3609 938 3673; x_wconf 88' lang='lat' dir='ltr'>Deo</span> <span class='ocrx_word' id='word_1_190' title='bbox 954 3616 986 3673; x_wconf 87' lang='lat' dir='ltr'>et</span> <span class='ocrx_word' id='word_1_191' title='bbox 1001 3609 1137 3673; x_wconf 78' lang='lat' dir='ltr'>ecelesiae</span> <span class='ocrx_word' id='word_1_192' title='bbox 1154 3607 1265 3672; x_wconf 81' lang='lat' dir='ltr'>Sancti</span> 
     </span>
     <span class='ocr_line' id='line_1_26' title="bbox 264 3718 1264 3803; baseline -0.002 -21"><span class='ocrx_word' id='word_1_193' title='bbox 264 3720 417 3803; x_wconf 86' lang='lat' dir='ltr'>Stephani</span> <span class='ocrx_word' id='word_1_194' title='bbox 433 3720 471 3783; x_wconf 93' lang='lat' dir='ltr'>de</span> <span class='ocrx_word' id='word_1_195' title='bbox 486 3720 637 3797; x_wconf 86' lang='lat' dir='ltr'>Cadomo‚</span> <span class='ocrx_word' id='word_1_196' title='bbox 654 3741 751 3782; x_wconf 87' lang='lat' dir='ltr'>unam</span> <span class='ocrx_word' id='word_1_197' title='bbox 767 3718 963 3783; x_wconf 84' lang='lat' dir='ltr'>mansionem</span> <span class='ocrx_word' id='word_1_198' title='bbox 981 3724 1071 3783; x_wconf 79' lang='lat' dir='ltr'>terrae</span> <span class='ocrx_word' id='word_1_199' title='bbox 1086 3718 1168 3782; x_wconf 83' lang='lat' dir='ltr'>infra</span> <span class='ocrx_word' id='word_1_200' title='bbox 1179 3718 1264 3781; x_wconf 88' lang='lat' dir='ltr'>Lon·</span> 
     </span>
     <span class='ocr_line' id='line_1_27' title="bbox 263 3827 1267 3912; baseline -0.004 -20"><span class='ocrx_word' id='word_1_201' title='bbox 263 3829 401 3908; x_wconf 90' lang='lat' dir='ltr'>doniam,</span> <span class='ocrx_word' id='word_1_202' title='bbox 427 3851 495 3911; x_wconf 86' lang='lat' dir='ltr'>quae</span> <span class='ocrx_word' id='word_1_203' title='bbox 517 3829 580 3892; x_wconf 89' lang='lat' dir='ltr'>fuit</span> <span class='ocrx_word' id='word_1_204' title='bbox 602 3828 740 3892; x_wconf 88' lang='lat' dir='ltr'>Liefredi</span> <span class='ocrx_word' id='word_1_205' title='bbox 764 3828 876 3912; x_wconf 82' lang='lat' dir='ltr'>Angli,</span> <span class='ocrx_word' id='word_1_206' title='bbox 892 3829 987 3891; x_wconf 86' lang='lat' dir='ltr'>sitnm</span> <span class='ocrx_word' id='word_1_207' title='bbox 1003 3829 1036 3891; x_wconf 90' lang='lat' dir='ltr'>in</span> <span class='ocrx_word' id='word_1_208' title='bbox 1052 3827 1267 3904; x_wconf 84' lang='lat' dir='ltr'>Wodestrata,</span> 
     </span>
     <span class='ocr_line' id='line_1_28' title="bbox 264 3936 1267 4024; baseline -0.001 -22"><span class='ocrx_word' id='word_1_209' title='bbox 264 3961 359 4024; x_wconf 88' lang='lat' dir='ltr'>prope</span> <span class='ocrx_word' id='word_1_210' title='bbox 373 3938 534 4003; x_wconf 85' lang='lat' dir='ltr'>ecclesium</span> <span class='ocrx_word' id='word_1_211' title='bbox 552 3937 662 4002; x_wconf 83' lang='lat' dir='ltr'>Sancti</span> <span class='ocrx_word' id='word_1_212' title='bbox 677 3936 775 4015; x_wconf 89' lang='lat' dir='ltr'>Petri,</span> <span class='ocrx_word' id='word_1_213' title='bbox 787 3938 925 4020; x_wconf 88' lang='lat' dir='ltr'>quietam</span> <span class='ocrx_word' id='word_1_214' title='bbox 942 3938 981 4001; x_wconf 90' lang='lat' dir='ltr'>dc</span> <span class='ocrx_word' id='word_1_215' title='bbox 996 3938 1064 4021; x_wconf 84' lang='lat' dir='ltr'>gelt</span> <span class='ocrx_word' id='word_1_216' title='bbox 1080 3937 1166 4001; x_wconf 89' lang='lat' dir='ltr'>etde</span> <span class='ocrx_word' id='word_1_217' title='bbox 1181 3943 1267 4001; x_wconf 85' lang='lat' dir='ltr'>eseot</span> 
     </span>
     <span class='ocr_line' id='line_1_29' title="bbox 264 4043 1267 4130; baseline -0.009 -15"><span class='ocrx_word' id='word_1_218' title='bbox 264 4057 295 4115; x_wconf 86' lang='lat' dir='ltr'>et</span> <span class='ocrx_word' id='word_1_219' title='bbox 315 4050 352 4114; x_wconf 89' lang='lat' dir='ltr'>de</span> <span class='ocrx_word' id='word_1_220' title='bbox 375 4050 463 4114; x_wconf 90' lang='lat' dir='ltr'>omni</span> <span class='ocrx_word' id='word_1_221' title='bbox 482 4048 543 4112; x_wconf 84' lang='lat' dir='ltr'>alia</span> <span class='ocrx_word' id='word_1_222' title='bbox 563 4047 798 4118; x_wconf 88' lang='lat' dir='ltr'>consuetudine,</span> <span class='ocrx_word' id='word_1_223' title='bbox 815 4071 909 4130; x_wconf 87' lang='lat' dir='ltr'>quarn</span> <span class='ocrx_word' id='word_1_224' title='bbox 927 4047 1087 4110; x_wconf 86' lang='lat' dir='ltr'>Guarinus</span> <span class='ocrx_word' id='word_1_225' title='bbox 1103 4043 1267 4109; x_wconf 90' lang='lat' dir='ltr'>Bucherell</span> 
     </span>
    </p>
   </div>
   <div class='ocr_carea' id='block_1_8' title="bbox 267 4205 1269 4354">
    <p class='ocr_par' dir='ltr' id='par_1_8' title="bbox 267 4205 1269 4354">
     <span class='ocr_line' id='line_1_30' title="bbox 299 4205 1269 4273; baseline -0.002 -14"><span class='ocrx_word' id='word_1_226' title='bbox 299 4214 338 4259; x_wconf 83' lang='lat'>12</span> <span class='ocrx_word' id='word_1_227' title='bbox 364 4211 496 4273; x_wconf 77' lang='lat' dir='ltr'>Pnlgrnuo¹</span> <span class='ocrx_word' id='word_1_228' title='bbox 522 4206 751 4266; x_wconf 66' lang='lat' dir='ltr'>Commonwealth</span> <span class='ocrx_word' id='word_1_229' title='bbox 777 4206 830 4256; x_wconf 78' lang='lat'>181.</span> <span class='ocrx_word' id='word_1_230' title='bbox 865 4205 940 4255; x_wconf 79' lang='lat' dir='ltr'>From</span> <span class='ocrx_word' id='word_1_231' title='bbox 964 4222 980 4254; x_wconf 85' lang='lat' dir='ltr'>a</span> <span class='ocrx_word' id='word_1_232' title='bbox 1003 4206 1161 4269; x_wconf 72' lang='lat' dir='ltr'>chanuluy</span> <span class='ocrx_word' id='word_1_233' title='bbox 1177 4206 1207 4255; x_wconf 86' lang='lat' dir='ltr'>oi</span> <span class='ocrx_word' id='word_1_234' title='bbox 1223 4206 1269 4257; x_wconf 82' lang='lat' dir='ltr'>the</span> 
     </span>
     <span class='ocr_line' id='line_1_31' title="bbox 267 4288 487 4354; baseline -0.018 -15"><span class='ocrx_word' id='word_1_235' title='bbox 267 4291 359 4354; x_wconf 76' lang='lat' dir='ltr'>Ahhcy</span> <span class='ocrx_word' id='word_1_236' title='bbox 371 4289 401 4338; x_wconf 75' lang='lat' dir='ltr'>oi</span> <span class='ocrx_word' id='word_1_237' title='bbox 410 4288 487 4338; x_wconf 82' lang='lat' dir='ltr'>Coen.</span> 
     </span>
    </p>
   </div>
   <div class='ocr_carea' id='block_1_9' title="bbox 0 0 1533 4972">
    <p class='ocr_par' dir='ltr' id='par_1_9' title="bbox 0 0 1533 4972">
     <span class='ocr_line' id='line_1_32' title="bbox 0 0 1533 4972; baseline 0 0"><span class='ocrx_word' id='word_1_238' title='bbox 0 0 1533 4972; x_wconf 95' lang='lat' dir='ltr'> </span> 
     </span>
    </p>
   </div>
  </div>
 </body>
</html>
