3000 4972
621 546 775 592 srnrann.
1137 525 1194 587 161

196 692 331 776 legatus,
347 697 492 760 omnibus
517 699 628 762 matris
654 698 786 763 eeclesiae
816 698 898 775 filiis,
916 698 955 762 ad
981 720 1059 782 qnos
1085 697 1199 759 litterae

194 804 263 867 istae
288 811 496 890 pervenerint,
511 810 656 874 salutem.
702 810 761 873 Rei
787 816 885 893 geetae
909 809 1060 873 memoria
1082 807 1197 871 litteris

195 917 322 999 provide
331 919 553 997 committitur,
564 943 602 983 ne
612 919 684 982 lites
699 918 791 982 semel
801 921 909 1003 sopitae
918 920 952 983 in
963 919 1070 983 futuro
1082 920 1197 982 iterum

194 1026 419 1093 instaurentur.
465 1030 600 1093 Proinde
623 1030 824 1093 universitati
839 1035 949 1094 vestrae
964 1053 1018 1114 per
1031 1030 1197 1113 prasentia

194 1139 311 1224 scripta
340 1147 452 1205 notum
488 1164 552 1205 csse
589 1141 743 1221 volumus,
774 1141 857 1225 quod
893 1142 977 1205 inter
1013 1141 1196 1205 Ascelinnm

196 1250 362 1315 Rofensem
377 1253 566 1336 episcopum,
581 1259 613 1316 et
635 1252 774 1337 ejusdcm
789 1251 849 1315 loci
870 1253 1048 1330 monachos,
1064 1251 1196 1315 ecclcsiae

193 1361 310 1426 scilicet
321 1363 405 1427 beati
417 1363 561 1441 Andreas,
577 1385 668 1448 super
681 1365 752 1446 jure
767 1364 976 1427 maneriorum
986 1364 1196 1427 Lambetham

194 1477 226 1535 et
244 1473 464 1553 Hendsnham,
479 1475 690 1539 controversia
705 1474 885 1556 hujusmodi
900 1480 970 1538 orta
979 1480 1035 1538 cst.
1068 1477 1194 1539 Asserc·

194 1582 272 1647 bant
287 1585 427 1669 praedicti
443 1587 598 1663 monachi,
608 1591 781 1651 memorata
796 1586 934 1649 maneria
948 1585 1009 1649 sibi
1024 1586 1064 1650 ad
1073 1587 1194 1650 victum

193 1695 354 1778 proprium
380 1720 399 1760 a
422 1719 496 1780 rege
518 1696 699 1781 Anglorum
715 1695 877 1760 Willelmo
901 1696 1036 1780 juniore,
1051 1702 1083 1760 et
1100 1698 1195 1760 Lam·

193 1805 300 1869 franco
322 1807 381 1891 piae
410 1807 632 1872 recordationis
656 1807 876 1871 cantuariensi
899 1807 1139 1891 archiepiscopo
1162 1815 1195 1871 ct

196 1916 1194 2002 GundulloRofensiepiscopoconcessamtionahiliteretdonata,

193 2036 226 2092 et
247 2028 288 2092 ad
309 2029 449 2112 ejusdem
473 2029 516 2095 rei
537 2029 761 2097 evidentiorem
784 2028 1011 2113 probationem,
1026 2029 1193 2093 eorundem

192 2144 294 2202 cartas
309 2144 341 2203 et
356 2140 606 2204 confirmationes
621 2146 653 2204 et
675 2139 874 2224 sequentium
889 2163 1000 2224 regum
1015 2141 1195 2225 Anglorum

196 2250 325 2314 Henrioi
341 2255 373 2314 et
390 2251 554 2334 Stephani,
569 2257 601 2314 et
616 2251 758 2315 Anselmi
775 2252 1009 2316 cantuariensis
1028 2253 1194 2337 archiepis-

193 2361 262 2444 copi
277 2361 310 2424 in
327 2361 466 2425 medium
480 2362 686 2445 proferebant.
732 2363 852 2426 Contra
869 2386 938 2447 quae
959 2386 1033 2427 cum
1047 2365 1196 2447 praefatus

193 2472 357 2537 Ascelinus
368 2473 682 2556 Rolensisepiscopns
693 2473 789 2536 nichil
799 2474 936 2552 firmum,
946 2474 1042 2541 nichil
1056 2474 1195 2538 validum

194 2585 399 2667 responderet,
416 2607 472 2648 nec
486 2606 519 2648 se
533 2585 566 2647 in
583 2583 763 2667 praetaxatis
778 2586 923 2650 maneriis
934 2585 988 2666 jus
1002 2585 1113 2648 habere
1124 2607 1194 2668 pro·

194 2695 267 2759 bare
290 2703 403 2780 posset,
428 2695 638 2760 assidentibus
662 2696 752 2759 nohis
782 2695 1010 2764 venerabilibus
1034 2696 1193 2771 fratribus,

194 2806 348 2870 'I'eobaldo
371 2806 590 2870 Cantuariensi
605 2807 845 2889 archiepiscopo,
856 2806 1015 2870 Rodberto
1031 2805 1194 2869 Lundoni·

194 2916 1195 2995 ensi,HenricoWintoniensi,AlexandroLinconiensi,lbrard0

195 3029 543 3107 Noruuioensi,Silrsdo
554 3027 740 3093 Cicestrcnsi
751 3027 911 3110 episcopis,
920 3025 1073 3090 Gaulrido
1085 3026 1195 3089 Sancti

195 3139 323 3218 Albani,
348 3140 499 3205 Gervasio
523 3138 808 3216 Westmonasterii,
835 3139 927 3202 Petro
959 3137 1195 3201 Scireburnensi

195 3251 372 3329 abbatibus,
396 3256 428 3315 et
455 3251 608 3334 magistro
637 3249 771 3327 Hilari0‚
792 3256 825 3313 et
848 3248 918 3313 aliis
937 3270 1033 3333 quam
1054 3249 1197 3332 pluribus

196 3362 349 3446 religiosis
382 3362 531 3445 personis,
566 3363 632 3446 ipsa
662 3361 811 3437 maneria,
841 3384 913 3424 cum
950 3362 1096 3426 omnibus
1132 3362 1197 3425 suis

195 3474 396 3557 appenditiis
426 3473 598 3537 secundum
622 3474 706 3558 qnod
736 3479 829 3539 cartae
857 3474 1037 3537 donationis
1067 3477 1100 3536 et
1123 3496 1196 3537 con·

196 3585 383 3649 firmationis
397 3585 611 3662 continebant,
626 3585 702 3669 ipsis
718 3585 878 3649 monachis
893 3584 1154 3668 adjudicavimus,
1164 3591 1197 3649 et

194 3697 278 3780 ipsos
293 3717 478 3778 possessores
502 3695 732 3768 constituimus,
749 3695 818 3779 ipso
840 3718 948 3759 eorum
962 3696 1105 3779 episcopo
1125 3717 1196 3779 pro-

196 3808 355 3882 mittente,
370 3806 452 3890 quod
473 3806 616 3890 deinceps
636 3807 703 3870 sine
725 3805 890 3869 vexatione
910 3810 942 3869 et
965 3805 1198 3889 inquietatione

196 3920 364 3983 monachos
379 3919 461 3982 bona
481 3932 513 3982 et
534 3917 739 4001 possessiones
762 3938 833 3981 suas
854 3917 967 3979 habere
989 3917 1197 4000 permitteret,

194 4037 227 4094 et
243 4052 350 4112 pacem
365 4030 408 4093 eis
424 4033 569 4108 servaret,
585 4028 668 4113 quod
683 4028 784 4111 stipsi
800 4028 932 4091 firmiter
947 4028 1107 4092 observare
1121 4050 1197 4112 prae·

195 4141 344 4224 cepimus
369 4140 408 4203 ad
429 4141 521 4224 cnjus
544 4139 587 4204 rei
610 4145 837 4223 argumentum
860 4140 943 4222 ipsos
966 4139 1134 4202 monachos
1164 4140 1196 4201 in

195 4252 300 4315 osculo
316 4252 400 4334 pacis
424 4251 549 4333 recepit.
594 4249 664 4312 Nos
689 4250 795 4332 itaque
819 4249 1038 4333 predictorum
1063 4253 1196 4314 fratrum

1046 4379 1067 4420 u
