3000 4972
244 533 307 592 256
492 549 626 594 euacua
650 547 999 595 auom-uouuasmm.

241 701 402 764 monachis
427 701 637 766 Gloucestriae
664 703 778 767 habere
803 702 927 766 faciatis
958 724 1066 765 omnes
1094 710 1194 767 terras
1223 709 1257 767 et

241 812 384 878 ecclesias
408 820 440 876 et
465 811 606 876 decimas
632 813 768 879 ecclesiae
801 812 910 876 Sancti
939 812 1023 876 Petri
1049 812 1258 877 Gloucestriae

242 923 443 1009 pertinentes
459 948 528 1007 quae
555 924 639 1008 apud
665 948 720 988 vos
744 930 828 1002 sunt,
846 947 884 988 ue
910 923 1028 1008 aliquid
1051 923 1083 986 iu
1110 924 1258 1008 partibus

245 1035 355 1099 vestris
394 1034 505 1097 auxilii
544 1036 642 1099 vestri
672 1036 720 1100 vel
755 1035 888 1119 justitiae
925 1034 1057 1118 penuria
1093 1036 1256 1099 amit-tant.

244 1147 389 1211 Testibus
418 1146 534 1210 comite
560 1146 758 1210 Herefordiae
784 1154 816 1210 et
849 1146 998 1210 Manaser
1028 1145 1140 1210 Biseth
1170 1147 1257 1230 apud

245 1251 487 1322 Glaucestriani.

412 1803 539 1885 [Assos
559 1822 625 1865 auu
648 1801 770 1865 Morcus
794 1819 834 1864 ou
859 1800 1111 1884 Gtoucusasu.]¹

251 1934 316 1999 [Tho
335 1937 421 1999 king's
440 1939 501 1986 urit
518 1938 648 1998 directiug
666 1937 811 1998 protcetiou
831 1936 861 1984 os
876 1937 921 1985 the
941 1938 1022 1985 abbot
1041 1937 1092 1984 aud
1115 1937 1210 1985 monks
1230 1935 1260 1983 of

414 2016 567 2064 Glouccster
578 2017 605 2063 in
617 2016 662 2064 tho
675 2016 821 2077 possession
834 2015 863 2063 os
871 2031 888 2063 a
899 2017 993 2079 fishery
1005 2020 1033 2064 st
1046 2015 1089 2078 B.]

252 2128 689 2212 Huau1cus‚rexang1iae,et
709 2129 774 2192 dux
791 2130 997 2192 Normanniae
1013 2137 1044 2193 et
1065 2128 1256 2212 Aquitania,

250 2244 283 2301 et
305 2260 408 2301 comes
434 2239 638 2323 Andagaviae,
655 2241 695 2303 R.
716 2240 825 2304 comiti
848 2240 1040 2304 Herefordiae
1062 2246 1095 2304 et
1109 2240 1257 2304 omuibus

251 2347 404 2412 ministris
440 2349 506 2413 suis
545 2349 750 2415 Gloueestriae
792 2359 824 2414 et
866 2350 1071 2429 Heiefordiae‚
1108 2350 1255 2415 salutem.

251 2458 399 2543 Praecipio
426 2460 509 2545 quod
534 2461 725 2545 permittatis
749 2460 894 2526 abbatem
913 2467 946 2526 et
971 2462 1138 2525 monachos
1157 2460 1258 2525 Glou-

251 2571 371 2635 cestriae
400 2571 501 2636 faeere
531 2577 563 2637 et
592 2573 715 2651 habere,
744 2571 834 2650 benc,
864 2577 897 2636 et
926 2570 960 2634 iu
990 2595 1074 2656 paee,
1102 2578 1134 2637 et
1161 2573 1257 2656 juste,

251 2680 416 2764 piscariam
441 2706 530 2746 suam
555 2683 594 2747 de
619 2684 814 2767 Bramptona
838 2682 872 2745 in
895 2683 1003 2746 eodem
1030 2682 1097 2746 loco
1119 2682 1173 2746 ubi
1196 2682 1258 2746 fuit

251 2799 392 2877 tempore
408 2795 491 2878 regis
509 2794 639 2859 Heurici
655 2794 706 2857 avi
721 2795 804 2872 mei;
833 2816 889 2857 nec
905 2792 977 2858 inde
992 2816 1045 2858 eos
1060 2792 1257 2871 disturbetis,

253 2926 308 2967 occ
343 2906 481 2990 aliquam
514 2905 558 2970 cis
599 2904 745 2987 injuriam
775 2904 823 2968 vel
860 2903 1083 2968 coutumeliam
1119 2903 1256 2968 faciatis.

253 3014 345 3077 'Peste
363 3015 541 3099 Regiualdo
557 3015 671 3079 comite
687 3014 852 3079 Coruubiae
867 3013 949 3096 apud
966 3013 1177 3097 Notiugham.

406 3536 532 3618 [Auaos
550 3554 616 3597 suu
639 3534 763 3597 Moaucs
786 3551 825 3596 ou
844 3530 1098 3614 Guoucusmu.]²

256 3684 322 3749 [The
340 3683 426 3747 king's
443 3683 504 3731 writ
524 3682 653 3742 directing
677 3681 823 3743 protection
842 3680 871 3728 of
889 3681 935 3729 tho
953 3681 1033 3729 abbot
1052 3679 1104 3729 aud
1122 3679 1214 3726 monks
1231 3677 1263 3725 os
1348 3690 1355 3697 ·

548 3761 702 3809 Gloucester
712 3760 739 3806 iu
750 3760 819 3807 their
827 3758 964 3822 libanica]

257 3879 439 3953 Huuucus,
456 3898 510 3937 ccx
527 3871 660 3956 Angliae,
677 3877 710 3936 et
725 3872 790 3935 dux
805 3871 1009 3936 Normanniae
1020 3877 1053 3935 et
1068 3869 1258 3954 Aquitaniae,

254 3997 286 4053 et
314 4009 416 4053 comes
434 3984 639 4068 Andagaviae,
661 3982 836 4048 vicecomiti
852 3983 891 4047 de
913 3982 1151 4067 Herefordsyra,
1175 3981 1259 4044 salu-

255 4107 330 4166 tem.
378 4097 524 4181 Praecipio
540 4097 622 4180 quod
634 4097 719 4181 juste
734 4095 867 4160 deducas
882 4094 1027 4158 abbatem
1043 4100 1074 4158 et
1090 4093 1260 4156 monachos

324 4256 330 4286 ¹
349 4256 470 4304 achron.
484 4255 552 4303 Mon.
567 4254 655 4303 Glouc.
668 4253 700 4304 73
716 4254 787 4315 (Rue.
801 4252 891 4311 Gonu).
1056 4249 1067 4281 ²
1086 4251 1124 4298 lb.
1137 4249 1193 4300 247.
