<?xml version="1.0" encoding="UTF-8"?>
<!DOCTYPE html PUBLIC "-//W3C//DTD XHTML 1.0 Transitional//EN"
    "http://www.w3.org/TR/xhtml1/DTD/xhtml1-transitional.dtd">
<html xmlns="http://www.w3.org/1999/xhtml" xml:lang="en" lang="en">
 <head>
  <title>
</title>
<meta http-equiv="Content-Type" content="text/html;charset=utf-8" />
  <meta name='ocr-system' content='tesseract 3.04.00' />
  <meta name='ocr-capabilities' content='ocr_page ocr_carea ocr_par ocr_line ocrx_word'/>
</head>
<body>
  <div class='ocr_page' id='page_1' title='image "./placitaanglonor00bigegoog_0290.png"; bbox 0 0 3000 4972; ppageno 0'>
   <div class='ocr_carea' id='block_1_1' title="bbox 651 549 1231 612">
    <p class='ocr_par' dir='ltr' id='par_1_1' title="bbox 651 549 1231 612">
     <span class='ocr_line' id='line_1_1' title="bbox 651 549 1231 612; baseline -0.002 -1"><span class='ocrx_word' id='word_1_1' title='bbox 651 564 760 612; x_wconf 78' lang='lat' dir='ltr'>nrum</span> <span class='ocrx_word' id='word_1_2' title='bbox 783 566 820 609; x_wconf 89' lang='lat'>11.</span> <span class='ocrx_word' id='word_1_3' title='bbox 1171 549 1231 610; x_wconf 74' lang='lat'>221</span> 
     </span>
    </p>
   </div>
   <div class='ocr_carea' id='block_1_2' title="bbox 468 715 1016 802">
    <p class='ocr_par' dir='ltr' id='par_1_2' title="bbox 468 715 1016 802">
     <span class='ocr_line' id='line_1_2' title="bbox 468 715 1016 802; baseline 0.004 -21"><span class='ocrx_word' id='word_1_4' title='bbox 468 715 597 801; x_wconf 86' lang='lat' dir='ltr'>[Annor</span> <span class='ocrx_word' id='word_1_5' title='bbox 619 718 701 784; x_wconf 91' lang='lat' dir='ltr'>Ono.</span> <span class='ocrx_word' id='word_1_6' title='bbox 747 718 862 782; x_wconf 88' lang='lat' dir='ltr'>Anour</span> <span class='ocrx_word' id='word_1_7' title='bbox 886 718 1016 802; x_wconf 84' lang='grc' dir='ltr'>1175.]ι</span> 
     </span>
    </p>
   </div>
   <div class='ocr_carea' id='block_1_3' title="bbox 227 843 1233 1065">
    <p class='ocr_par' dir='ltr' id='par_1_3' title="bbox 227 843 1233 1065">
     <span class='ocr_line' id='line_1_3' title="bbox 227 843 1233 909; baseline 0.001 -15"><span class='ocrx_word' id='word_1_8' title='bbox 227 843 330 909; x_wconf 83' lang='lat' dir='ltr'>[Abbot</span> <span class='ocrx_word' id='word_1_9' title='bbox 357 844 412 894; x_wconf 91' lang='lat' dir='ltr'>Odo</span> <span class='ocrx_word' id='word_1_10' title='bbox 434 845 464 892; x_wconf 80' lang='lat' dir='ltr'>of</span> <span class='ocrx_word' id='word_1_11' title='bbox 483 845 572 894; x_wconf 84' lang='lat' dir='ltr'>Battel</span> <span class='ocrx_word' id='word_1_12' title='bbox 593 847 669 895; x_wconf 85' lang='lat' dir='ltr'>seeks</span> <span class='ocrx_word' id='word_1_13' title='bbox 686 845 738 894; x_wconf 87' lang='lat' dir='ltr'>and</span> <span class='ocrx_word' id='word_1_14' title='bbox 758 846 862 894; x_wconf 85' lang='lat' dir='ltr'>obtains</span> <span class='ocrx_word' id='word_1_15' title='bbox 885 846 952 894; x_wconf 83' lang='lat' dir='ltr'>from</span> <span class='ocrx_word' id='word_1_16' title='bbox 973 847 1019 895; x_wconf 79' lang='lat' dir='ltr'>the</span> <span class='ocrx_word' id='word_1_17' title='bbox 1037 846 1132 908; x_wconf 75' lang='lat' dir='ltr'>King’s</span> <span class='ocrx_word' id='word_1_18' title='bbox 1153 845 1233 895; x_wconf 87' lang='lat' dir='ltr'>Conrt</span> 
     </span>
     <span class='ocr_line' id='line_1_4' title="bbox 292 923 1232 988; baseline 0 -17"><span class='ocrx_word' id='word_1_19' title='bbox 292 923 403 972; x_wconf 82' lang='lat' dir='ltr'>renewal</span> <span class='ocrx_word' id='word_1_20' title='bbox 415 923 445 970; x_wconf 87' lang='lat' dir='ltr'>of</span> <span class='ocrx_word' id='word_1_21' title='bbox 458 937 474 970; x_wconf 86' lang='lat' dir='ltr'>a</span> <span class='ocrx_word' id='word_1_22' title='bbox 485 923 599 986; x_wconf 85' lang='lat' dir='ltr'>deeeyed</span> <span class='ocrx_word' id='word_1_23' title='bbox 611 924 732 983; x_wconf 72' lang='lat' dir='ltr'>charior,</span> <span class='ocrx_word' id='word_1_24' title='bbox 750 925 797 972; x_wconf 87' lang='lat' dir='ltr'>the</span> <span class='ocrx_word' id='word_1_25' title='bbox 808 931 884 973; x_wconf 87' lang='lat' dir='ltr'>ecurt</span> <span class='ocrx_word' id='word_1_26' title='bbox 901 925 980 988; x_wconf 82' lang='lat' dir='ltr'>being</span> <span class='ocrx_word' id='word_1_27' title='bbox 992 925 1132 987; x_wconf 86' lang='lat' dir='ltr'>oomposed</span> <span class='ocrx_word' id='word_1_28' title='bbox 1143 924 1173 972; x_wconf 82' lang='lat' dir='ltr'>os</span> <span class='ocrx_word' id='word_1_29' title='bbox 1186 923 1232 972; x_wconf 84' lang='lat' dir='ltr'>the</span> 
     </span>
     <span class='ocr_line' id='line_1_5' title="bbox 291 998 674 1065; baseline 0 -17"><span class='ocrx_word' id='word_1_30' title='bbox 291 1001 356 1062; x_wconf 80' lang='lat' dir='ltr'>king</span> <span class='ocrx_word' id='word_1_31' title='bbox 366 1000 419 1048; x_wconf 90' lang='lat' dir='ltr'>and</span> <span class='ocrx_word' id='word_1_32' title='bbox 429 999 471 1048; x_wconf 86' lang='lat' dir='ltr'>his</span> <span class='ocrx_word' id='word_1_33' title='bbox 481 1005 558 1062; x_wconf 81' lang='lat' dir='ltr'>great</span> <span class='ocrx_word' id='word_1_34' title='bbox 568 998 652 1065; x_wconf 80' lang='lat' dir='ltr'>mem]</span> <span class='ocrx_word' id='word_1_35' title='bbox 670 1049 674 1055; x_wconf 79' lang='grc'><strong>,</strong></span> 
     </span>
    </p>
   </div>
   <div class='ocr_carea' id='block_1_4' title="bbox 224 1105 1236 4282">
    <p class='ocr_par' dir='ltr' id='par_1_4' title="bbox 224 1105 1236 4282">
     <span class='ocr_line' id='line_1_6' title="bbox 227 1105 1232 1191; baseline 0.001 -21"><span class='ocrx_word' id='word_1_36' title='bbox 227 1106 332 1170; x_wconf 73' lang='lat' dir='ltr'>UNAM</span> <span class='ocrx_word' id='word_1_37' title='bbox 356 1129 395 1170; x_wconf 87' lang='lat' dir='ltr'>ex</span> <span class='ocrx_word' id='word_1_38' title='bbox 419 1106 515 1170; x_wconf 89' lang='lat' dir='ltr'>cartis</span> <span class='ocrx_word' id='word_1_39' title='bbox 541 1107 626 1191; x_wconf 83' lang='lat' dir='ltr'>regis</span> <span class='ocrx_word' id='word_1_40' title='bbox 651 1105 821 1180; x_wconf 82' lang='lat' dir='ltr'>willelmi,</span> <span class='ocrx_word' id='word_1_41' title='bbox 847 1107 1025 1171; x_wconf 88' lang='lat' dir='ltr'>fundatoris</span> <span class='ocrx_word' id='word_1_42' title='bbox 1048 1107 1232 1171; x_wconf 86' lang='lat' dir='ltr'>monasterii</span> 
     </span>
     <span class='ocr_line' id='line_1_7' title="bbox 225 1216 1232 1302; baseline 0.002 -22"><span class='ocrx_word' id='word_1_43' title='bbox 225 1216 265 1281; x_wconf 92' lang='lat' dir='ltr'>de</span> <span class='ocrx_word' id='word_1_44' title='bbox 296 1216 396 1290; x_wconf 89' lang='lat' dir='ltr'>Bello,</span> <span class='ocrx_word' id='word_1_45' title='bbox 427 1217 567 1302; x_wconf 87' lang='lat' dir='ltr'>contigit</span> <span class='ocrx_word' id='word_1_46' title='bbox 597 1226 675 1282; x_wconf 87' lang='lat' dir='ltr'>tuuc</span> <span class='ocrx_word' id='word_1_47' title='bbox 705 1217 856 1301; x_wconf 89' lang='lat' dir='ltr'>temporis</span> <span class='ocrx_word' id='word_1_48' title='bbox 886 1218 921 1280; x_wconf 90' lang='lat' dir='ltr'>in</span> <span class='ocrx_word' id='word_1_49' title='bbox 950 1218 1018 1301; x_wconf 92' lang='lat' dir='ltr'>ipso</span> <span class='ocrx_word' id='word_1_50' title='bbox 1044 1219 1232 1283; x_wconf 88' lang='lat' dir='ltr'>monasterio</span> 
     </span>
     <span class='ocr_line' id='line_1_8' title="bbox 225 1327 1233 1415; baseline 0 -23"><span class='ocrx_word' id='word_1_51' title='bbox 225 1333 385 1392; x_wconf 85' lang='lat' dir='ltr'>vetustate</span> <span class='ocrx_word' id='word_1_52' title='bbox 407 1327 548 1392; x_wconf 90' lang='lat' dir='ltr'>dissolvi.</span> <span class='ocrx_word' id='word_1_53' title='bbox 595 1328 701 1393; x_wconf 81' lang='lat' dir='ltr'>Quam</span> <span class='ocrx_word' id='word_1_54' title='bbox 723 1350 796 1392; x_wconf 89' lang='lat' dir='ltr'>oum</span> <span class='ocrx_word' id='word_1_55' title='bbox 819 1327 916 1392; x_wconf 86' lang='lat' dir='ltr'>abbas</span> <span class='ocrx_word' id='word_1_56' title='bbox 939 1329 1008 1415; x_wconf 83' lang='lat' dir='ltr'>regi</span> <span class='ocrx_word' id='word_1_57' title='bbox 1031 1329 1233 1413; x_wconf 74' lang='lat' dir='ltr'>porrexisset,</span> 
     </span>
     <span class='ocr_line' id='line_1_9' title="bbox 226 1438 1232 1523; baseline 0.002 -22"><span class='ocrx_word' id='word_1_58' title='bbox 226 1442 247 1473; x_wconf 90' lang='lat'><strong><em>“</em></strong></span> <span class='ocrx_word' id='word_1_59' title='bbox 262 1438 374 1517; x_wconf 86' lang='lat' dir='ltr'>Haec,&#39;&#39;</span> <span class='ocrx_word' id='word_1_60' title='bbox 399 1438 506 1522; x_wconf 91' lang='lat' dir='ltr'>inquit</span> <span class='ocrx_word' id='word_1_61' title='bbox 528 1462 592 1517; x_wconf 87' lang='lat' dir='ltr'>rex,</span> <span class='ocrx_word' id='word_1_62' title='bbox 616 1438 849 1503; x_wconf 89' lang='lat' dir='ltr'>“renovatione</span> <span class='ocrx_word' id='word_1_63' title='bbox 872 1438 1062 1523; x_wconf 82' lang='lat' dir='ltr'>indigeret.”</span> <span class='ocrx_word' id='word_1_64' title='bbox 1106 1439 1232 1503; x_wconf 90' lang='lat' dir='ltr'>Abbate</span> 
     </span>
     <span class='ocr_line' id='line_1_10' title="bbox 226 1548 1232 1634; baseline 0.002 -22"><span class='ocrx_word' id='word_1_65' title='bbox 226 1548 266 1612; x_wconf 90' lang='lat' dir='ltr'>ad</span> <span class='ocrx_word' id='word_1_66' title='bbox 282 1550 340 1612; x_wconf 91' lang='lat' dir='ltr'>hoc</span> <span class='ocrx_word' id='word_1_67' title='bbox 356 1548 573 1632; x_wconf 83' lang='lat' dir='ltr'>respondente,</span> <span class='ocrx_word' id='word_1_68' title='bbox 588 1551 663 1613; x_wconf 87' lang='lat' dir='ltr'>“Et</span> <span class='ocrx_word' id='word_1_69' title='bbox 677 1571 736 1613; x_wconf 91' lang='lat' dir='ltr'>nos</span> <span class='ocrx_word' id='word_1_70' title='bbox 751 1555 789 1612; x_wconf 89' lang='lat' dir='ltr'>ut</span> <span class='ocrx_word' id='word_1_71' title='bbox 803 1571 872 1614; x_wconf 89' lang='lat' dir='ltr'>eam</span> <span class='ocrx_word' id='word_1_72' title='bbox 888 1549 914 1613; x_wconf 89' lang='lat' dir='ltr'>si</span> <span class='ocrx_word' id='word_1_73' title='bbox 928 1549 1033 1634; x_wconf 88' lang='lat' dir='ltr'>placet</span> <span class='ocrx_word' id='word_1_74' title='bbox 1046 1550 1232 1614; x_wconf 88' lang='lat' dir='ltr'>auctoritate</span> 
     </span>
     <span class='ocr_line' id='line_1_11' title="bbox 226 1659 1231 1745; baseline 0.001 -21"><span class='ocrx_word' id='word_1_75' title='bbox 226 1659 313 1743; x_wconf 88' lang='lat' dir='ltr'>regia</span> <span class='ocrx_word' id='word_1_76' title='bbox 329 1659 509 1724; x_wconf 83' lang='lat' dir='ltr'>renovando</span> <span class='ocrx_word' id='word_1_77' title='bbox 524 1660 715 1725; x_wconf 89' lang='lat' dir='ltr'>confirmetis</span> <span class='ocrx_word' id='word_1_78' title='bbox 731 1660 945 1745; x_wconf 89' lang='lat' dir='ltr'>supplicamus</span> <span class='ocrx_word' id='word_1_79' title='bbox 956 1660 988 1737; x_wconf 88' lang='lat'>;”</span> <span class='ocrx_word' id='word_1_80' title='bbox 1010 1661 1116 1725; x_wconf 91' lang='lat' dir='ltr'>“Non</span> <span class='ocrx_word' id='word_1_81' title='bbox 1139 1660 1231 1740; x_wconf 88' lang='lat' dir='ltr'>hoc,”</span> 
     </span>
     <span class='ocr_line' id='line_1_12' title="bbox 226 1770 1232 1858; baseline 0.003 -26"><span class='ocrx_word' id='word_1_82' title='bbox 226 1770 332 1854; x_wconf 91' lang='lat' dir='ltr'>inquit</span> <span class='ocrx_word' id='word_1_83' title='bbox 356 1793 420 1847; x_wconf 84' lang='lat' dir='ltr'>rex,</span> <span class='ocrx_word' id='word_1_84' title='bbox 438 1771 531 1834; x_wconf 91' lang='lat' dir='ltr'>“nisi</span> <span class='ocrx_word' id='word_1_85' title='bbox 555 1793 595 1834; x_wconf 85' lang='lat' dir='ltr'>ex</span> <span class='ocrx_word' id='word_1_86' title='bbox 616 1771 737 1858; x_wconf 84' lang='lat' dir='ltr'>judicio</span> <span class='ocrx_word' id='word_1_87' title='bbox 757 1771 850 1836; x_wconf 81' lang='lat' dir='ltr'>curiae</span> <span class='ocrx_word' id='word_1_88' title='bbox 874 1794 950 1835; x_wconf 71' lang='lat' dir='ltr'>mere</span> <span class='ocrx_word' id='word_1_89' title='bbox 971 1773 1111 1836; x_wconf 86' lang='lat' dir='ltr'>facturus</span> <span class='ocrx_word' id='word_1_90' title='bbox 1125 1772 1232 1836; x_wconf 85' lang='lat' dir='ltr'>sum.”</span> 
     </span>
     <span class='ocr_line' id='line_1_13' title="bbox 226 1880 1230 1965; baseline 0.002 -21"><span class='ocrx_word' id='word_1_91' title='bbox 226 1880 369 1945; x_wconf 77' lang='lat' dir='ltr'>Divertit</span> <span class='ocrx_word' id='word_1_92' title='bbox 390 1881 430 1944; x_wconf 89' lang='lat' dir='ltr'>ad</span> <span class='ocrx_word' id='word_1_93' title='bbox 452 1882 518 1945; x_wconf 83' lang='lat' dir='ltr'>haec</span> <span class='ocrx_word' id='word_1_94' title='bbox 534 1880 631 1945; x_wconf 89' lang='lat' dir='ltr'>abbas</span> <span class='ocrx_word' id='word_1_95' title='bbox 646 1904 664 1945; x_wconf 91' lang='lat' dir='ltr'>a</span> <span class='ocrx_word' id='word_1_96' title='bbox 680 1904 766 1965; x_wconf 89' lang='lat' dir='ltr'>rege,</span> <span class='ocrx_word' id='word_1_97' title='bbox 781 1887 815 1946; x_wconf 91' lang='lat' dir='ltr'>et</span> <span class='ocrx_word' id='word_1_98' title='bbox 829 1881 936 1946; x_wconf 86' lang='lat' dir='ltr'>virum</span> <span class='ocrx_word' id='word_1_99' title='bbox 950 1881 1107 1945; x_wconf 83' lang='lat' dir='ltr'>illust-rem</span> <span class='ocrx_word' id='word_1_100' title='bbox 1122 1881 1230 1946; x_wconf 86' lang='lat' dir='ltr'>Ricar-</span> 
     </span>
     <span class='ocr_line' id='line_1_14' title="bbox 225 1991 1231 2076; baseline 0.002 -21"><span class='ocrx_word' id='word_1_101' title='bbox 225 1992 302 2056; x_wconf 90' lang='lat' dir='ltr'>dum</span> <span class='ocrx_word' id='word_1_102' title='bbox 317 1992 356 2056; x_wconf 91' lang='lat' dir='ltr'>de</span> <span class='ocrx_word' id='word_1_103' title='bbox 370 1991 450 2056; x_wconf 82' lang='lat' dir='ltr'>Luci</span> <span class='ocrx_word' id='word_1_104' title='bbox 466 1992 585 2066; x_wconf 82' lang='lat' dir='ltr'>adiens,</span> <span class='ocrx_word' id='word_1_105' title='bbox 600 1991 685 2076; x_wconf 83' lang='lat' dir='ltr'>regis</span> <span class='ocrx_word' id='word_1_106' title='bbox 700 1993 760 2057; x_wconf 89' lang='lat' dir='ltr'>sibi</span> <span class='ocrx_word' id='word_1_107' title='bbox 775 1992 920 2076; x_wconf 85' lang='lat' dir='ltr'>exposuit</span> <span class='ocrx_word' id='word_1_108' title='bbox 942 2014 1134 2076; x_wconf 90' lang='lat' dir='ltr'>responsum.</span> <span class='ocrx_word' id='word_1_109' title='bbox 1178 1993 1231 2057; x_wconf 88' lang='lat' dir='ltr'>Ad</span> 
     </span>
     <span class='ocr_line' id='line_1_15' title="bbox 227 2100 1231 2187; baseline 0.001 -22"><span class='ocrx_word' id='word_1_110' title='bbox 227 2101 313 2186; x_wconf 93' lang='lat' dir='ltr'>quod</span> <span class='ocrx_word' id='word_1_111' title='bbox 338 2102 388 2166; x_wconf 85' lang='lat' dir='ltr'>vir</span> <span class='ocrx_word' id='word_1_112' title='bbox 410 2101 542 2166; x_wconf 87' lang='lat' dir='ltr'>illustris</span> <span class='ocrx_word' id='word_1_113' title='bbox 566 2102 722 2166; x_wconf 84' lang='lat' dir='ltr'>Ricardus</span> <span class='ocrx_word' id='word_1_114' title='bbox 745 2100 945 2187; x_wconf 89' lang='lat' dir='ltr'>respondens,</span> <span class='ocrx_word' id='word_1_115' title='bbox 960 2102 1028 2166; x_wconf 86' lang='lat' dir='ltr'>“Si</span> <span class='ocrx_word' id='word_1_116' title='bbox 1053 2102 1231 2182; x_wconf 86' lang='lat' dir='ltr'>nostrum,”</span> 
     </span>
     <span class='ocr_line' id='line_1_16' title="bbox 226 2211 1230 2297; baseline 0.001 -22"><span class='ocrx_word' id='word_1_117' title='bbox 226 2211 343 2297; x_wconf 91' lang='lat' dir='ltr'>inquit,</span> <span class='ocrx_word' id='word_1_118' title='bbox 370 2216 497 2297; x_wconf 88' lang='lat' dir='ltr'>“super</span> <span class='ocrx_word' id='word_1_119' title='bbox 527 2213 586 2278; x_wconf 87' lang='lat' dir='ltr'>hoc</span> <span class='ocrx_word' id='word_1_120' title='bbox 610 2218 794 2297; x_wconf 84' lang='lat' dir='ltr'>expectatur</span> <span class='ocrx_word' id='word_1_121' title='bbox 820 2213 989 2297; x_wconf 90' lang='lat' dir='ltr'>judicium,</span> <span class='ocrx_word' id='word_1_122' title='bbox 1013 2212 1055 2276; x_wconf 88' lang='lat' dir='ltr'>ed</span> <span class='ocrx_word' id='word_1_123' title='bbox 1084 2214 1230 2278; x_wconf 88' lang='lat' dir='ltr'>effectum</span> 
     </span>
     <span class='ocr_line' id='line_1_17' title="bbox 225 2323 1231 2406; baseline 0.001 -20"><span class='ocrx_word' id='word_1_124' title='bbox 225 2323 389 2406; x_wconf 84' lang='lat' dir='ltr'>petitionis</span> <span class='ocrx_word' id='word_1_125' title='bbox 414 2329 477 2387; x_wconf 83' lang='lat' dir='ltr'>tuae</span> <span class='ocrx_word' id='word_1_126' title='bbox 501 2324 684 2389; x_wconf 82' lang='lat' dir='ltr'>unanimem</span> <span class='ocrx_word' id='word_1_127' title='bbox 708 2323 849 2389; x_wconf 89' lang='lat' dir='ltr'>invenies</span> <span class='ocrx_word' id='word_1_128' title='bbox 873 2324 972 2388; x_wconf 88' lang='lat' dir='ltr'>totius</span> <span class='ocrx_word' id='word_1_129' title='bbox 993 2324 1086 2388; x_wconf 80' lang='lat' dir='ltr'>ouriae</span> <span class='ocrx_word' id='word_1_130' title='bbox 1101 2346 1231 2389; x_wconf 87' lang='lat' dir='ltr'>consen·</span> 
     </span>
     <span class='ocr_line' id='line_1_18' title="bbox 226 2433 1231 2518; baseline 0.001 -21"><span class='ocrx_word' id='word_1_131' title='bbox 226 2433 332 2497; x_wconf 85' lang='lat' dir='ltr'>sum.&#39;&#39;</span> <span class='ocrx_word' id='word_1_132' title='bbox 377 2434 460 2498; x_wconf 82' lang='lat' dir='ltr'>Loco</span> <span class='ocrx_word' id='word_1_133' title='bbox 476 2440 509 2497; x_wconf 90' lang='lat' dir='ltr'>et</span> <span class='ocrx_word' id='word_1_134' title='bbox 524 2439 665 2518; x_wconf 88' lang='lat' dir='ltr'>tempore</span> <span class='ocrx_word' id='word_1_135' title='bbox 680 2458 719 2500; x_wconf 88' lang='lat' dir='ltr'>ex</span> <span class='ocrx_word' id='word_1_136' title='bbox 734 2434 864 2499; x_wconf 90' lang='lat' dir='ltr'>oonsilio</span> <span class='ocrx_word' id='word_1_137' title='bbox 878 2434 939 2499; x_wconf 87' lang='lat' dir='ltr'>viri</span> <span class='ocrx_word' id='word_1_138' title='bbox 954 2434 1087 2498; x_wconf 87' lang='lat' dir='ltr'>illustris</span> <span class='ocrx_word' id='word_1_139' title='bbox 1103 2434 1231 2499; x_wconf 89' lang='lat' dir='ltr'>Ricardi</span> 
     </span>
     <span class='ocr_line' id='line_1_19' title="bbox 226 2544 1230 2629; baseline 0.001 -22"><span class='ocrx_word' id='word_1_140' title='bbox 226 2549 400 2628; x_wconf 83' lang='lat' dir='ltr'>expectato,</span> <span class='ocrx_word' id='word_1_141' title='bbox 421 2567 494 2608; x_wconf 93' lang='lat' dir='ltr'>cum</span> <span class='ocrx_word' id='word_1_142' title='bbox 518 2550 591 2628; x_wconf 91' lang='lat' dir='ltr'>post</span> <span class='ocrx_word' id='word_1_143' title='bbox 617 2544 777 2608; x_wconf 92' lang='lat' dir='ltr'>modicum</span> <span class='ocrx_word' id='word_1_144' title='bbox 801 2567 856 2608; x_wconf 89' lang='lat' dir='ltr'>rcx</span> <span class='ocrx_word' id='word_1_145' title='bbox 880 2544 913 2607; x_wconf 92' lang='lat' dir='ltr'>in</span> <span class='ocrx_word' id='word_1_146' title='bbox 940 2544 1042 2608; x_wconf 91' lang='lat' dir='ltr'>medio</span> <span class='ocrx_word' id='word_1_147' title='bbox 1068 2567 1230 2629; x_wconf 91' lang='lat' dir='ltr'>procerum</span> 
     </span>
     <span class='ocr_line' id='line_1_20' title="bbox 226 2653 1230 2737; baseline 0.003 -21"><span class='ocrx_word' id='word_1_148' title='bbox 226 2676 353 2717; x_wconf 92' lang='lat' dir='ltr'>suorum</span> <span class='ocrx_word' id='word_1_149' title='bbox 370 2653 527 2727; x_wconf 87' lang='lat' dir='ltr'>resideret,</span> <span class='ocrx_word' id='word_1_150' title='bbox 540 2654 637 2718; x_wconf 88' lang='lat' dir='ltr'>abbas</span> <span class='ocrx_word' id='word_1_151' title='bbox 652 2654 821 2737; x_wconf 84' lang='lat' dir='ltr'>procedens</span> <span class='ocrx_word' id='word_1_152' title='bbox 836 2660 955 2718; x_wconf 87' lang='lat' dir='ltr'>cartam</span> <span class='ocrx_word' id='word_1_153' title='bbox 971 2677 1059 2718; x_wconf 89' lang='lat' dir='ltr'>suam</span> <span class='ocrx_word' id='word_1_154' title='bbox 1071 2660 1230 2719; x_wconf 82' lang='lat' dir='ltr'>vetustate</span> 
     </span>
     <span class='ocr_line' id='line_1_21' title="bbox 226 2763 1231 2849; baseline 0.004 -24"><span class='ocrx_word' id='word_1_155' title='bbox 226 2763 411 2847; x_wconf 76' lang='lat' dir='ltr'>dissipatam</span> <span class='ocrx_word' id='word_1_156' title='bbox 435 2763 470 2826; x_wconf 91' lang='lat' dir='ltr'>iu</span> <span class='ocrx_word' id='word_1_157' title='bbox 485 2769 655 2847; x_wconf 88' lang='lat' dir='ltr'>conspectu</span> <span class='ocrx_word' id='word_1_158' title='bbox 671 2764 814 2828; x_wconf 92' lang='lat' dir='ltr'>omnium</span> <span class='ocrx_word' id='word_1_159' title='bbox 837 2764 1013 2847; x_wconf 86' lang='lat' dir='ltr'>proposuit,</span> <span class='ocrx_word' id='word_1_160' title='bbox 1028 2770 1061 2828; x_wconf 91' lang='lat' dir='ltr'>et</span> <span class='ocrx_word' id='word_1_161' title='bbox 1083 2770 1120 2828; x_wconf 92' lang='lat' dir='ltr'>ut</span> <span class='ocrx_word' id='word_1_162' title='bbox 1142 2764 1231 2849; x_wconf 83' lang='lat' dir='ltr'>regia</span> 
     </span>
     <span class='ocr_line' id='line_1_22' title="bbox 226 2873 1230 2957; baseline 0 -20"><span class='ocrx_word' id='word_1_163' title='bbox 226 2874 413 2938; x_wconf 83' lang='lat' dir='ltr'>auctoritate</span> <span class='ocrx_word' id='word_1_164' title='bbox 443 2880 645 2938; x_wconf 86' lang='lat' dir='ltr'>renovaretur</span> <span class='ocrx_word' id='word_1_165' title='bbox 674 2873 817 2957; x_wconf 85' lang='lat' dir='ltr'>expetiit.</span> <span class='ocrx_word' id='word_1_166' title='bbox 871 2875 960 2956; x_wconf 84' lang='lat' dir='ltr'>Rege</span> <span class='ocrx_word' id='word_1_167' title='bbox 989 2895 1082 2957; x_wconf 92' lang='lat' dir='ltr'>super</span> <span class='ocrx_word' id='word_1_168' title='bbox 1108 2873 1179 2952; x_wconf 92' lang='lat' dir='ltr'>hoe,</span> <span class='ocrx_word' id='word_1_169' title='bbox 1203 2874 1230 2939; x_wconf 92' lang='lat' dir='ltr'>si</span> 
     </span>
     <span class='ocr_line' id='line_1_23' title="bbox 225 2983 1228 3069; baseline 0.002 -21"><span class='ocrx_word' id='word_1_170' title='bbox 225 2984 404 3049; x_wconf 86' lang='lat' dir='ltr'>faciendum</span> <span class='ocrx_word' id='word_1_171' title='bbox 427 2991 509 3049; x_wconf 90' lang='lat' dir='ltr'>esset</span> <span class='ocrx_word' id='word_1_172' title='bbox 534 3006 642 3063; x_wconf 92' lang='lat' dir='ltr'>necne,</span> <span class='ocrx_word' id='word_1_173' title='bbox 664 2983 820 3069; x_wconf 87' lang='lat' dir='ltr'>judicium</span> <span class='ocrx_word' id='word_1_174' title='bbox 849 3006 1012 3069; x_wconf 91' lang='lat' dir='ltr'>procerum</span> <span class='ocrx_word' id='word_1_175' title='bbox 1042 2985 1228 3069; x_wconf 88' lang='lat' dir='ltr'>requirente,</span> 
     </span>
     <span class='ocr_line' id='line_1_24' title="bbox 225 3093 1230 3180; baseline 0.005 -23"><span class='ocrx_word' id='word_1_176' title='bbox 225 3095 389 3173; x_wconf 71' lang='lat' dir='ltr'>“Decet&#39;’</span> <span class='ocrx_word' id='word_1_177' title='bbox 406 3094 512 3179; x_wconf 90' lang='lat' dir='ltr'>inquit</span> <span class='ocrx_word' id='word_1_178' title='bbox 535 3093 689 3158; x_wconf 88' lang='lat' dir='ltr'>Ricardus</span> <span class='ocrx_word' id='word_1_179' title='bbox 704 3094 742 3158; x_wconf 94' lang='lat' dir='ltr'>de</span> <span class='ocrx_word' id='word_1_180' title='bbox 758 3093 848 3173; x_wconf 89' lang='lat' dir='ltr'>Luci,</span> <span class='ocrx_word' id='word_1_181' title='bbox 866 3099 886 3130; x_wconf 90' lang='lat'><strong>“</strong></span> <span class='ocrx_word' id='word_1_182' title='bbox 897 3093 986 3158; x_wconf 89' lang='lat' dir='ltr'>decet</span> <span class='ocrx_word' id='word_1_183' title='bbox 1000 3117 1056 3159; x_wconf 88' lang='lat' dir='ltr'>vos</span> <span class='ocrx_word' id='word_1_184' title='bbox 1078 3095 1105 3158; x_wconf 90' lang='lat' dir='ltr'>si</span> <span class='ocrx_word' id='word_1_185' title='bbox 1127 3096 1230 3180; x_wconf 90' lang='lat' dir='ltr'>placet</span> 
     </span>
     <span class='ocr_line' id='line_1_25' title="bbox 225 3204 1229 3292; baseline 0 -22"><span class='ocrx_word' id='word_1_186' title='bbox 225 3205 352 3270; x_wconf 91' lang='lat' dir='ltr'>dominc</span> <span class='ocrx_word' id='word_1_187' title='bbox 374 3212 495 3270; x_wconf 89' lang='lat' dir='ltr'>cartam</span> <span class='ocrx_word' id='word_1_188' title='bbox 517 3205 653 3271; x_wconf 80' lang='lat' dir='ltr'>eoclesiae</span> <span class='ocrx_word' id='word_1_189' title='bbox 675 3205 713 3270; x_wconf 92' lang='lat' dir='ltr'>de</span> <span class='ocrx_word' id='word_1_190' title='bbox 737 3206 826 3270; x_wconf 91' lang='lat' dir='ltr'>Bello</span> <span class='ocrx_word' id='word_1_191' title='bbox 848 3228 1006 3280; x_wconf 89' lang='lat' dir='ltr'>renovare,</span> <span class='ocrx_word' id='word_1_192' title='bbox 1023 3204 1113 3292; x_wconf 88' lang='lat' dir='ltr'>cujus</span> <span class='ocrx_word' id='word_1_193' title='bbox 1131 3207 1229 3271; x_wconf 85' lang='lat' dir='ltr'>etia-m</span> 
     </span>
     <span class='ocr_line' id='line_1_26' title="bbox 225 3316 1229 3404; baseline 0.002 -24"><span class='ocrx_word' id='word_1_194' title='bbox 225 3318 252 3380; x_wconf 93' lang='lat' dir='ltr'>si</span> <span class='ocrx_word' id='word_1_195' title='bbox 278 3339 386 3381; x_wconf 90' lang='lat' dir='ltr'>omnes</span> <span class='ocrx_word' id='word_1_196' title='bbox 411 3323 504 3381; x_wconf 69' lang='lat' dir='ltr'>cartae</span> <span class='ocrx_word' id='word_1_197' title='bbox 526 3316 691 3400; x_wconf 90' lang='lat' dir='ltr'>perissent,</span> <span class='ocrx_word' id='word_1_198' title='bbox 717 3340 774 3382; x_wconf 86' lang='lat' dir='ltr'>nos</span> <span class='ocrx_word' id='word_1_199' title='bbox 805 3339 914 3381; x_wconf 89' lang='lat' dir='ltr'>omnes</span> <span class='ocrx_word' id='word_1_200' title='bbox 943 3324 1037 3381; x_wconf 87' lang='lat' dir='ltr'>cartas</span> <span class='ocrx_word' id='word_1_201' title='bbox 1066 3318 1134 3404; x_wconf 89' lang='lat' dir='ltr'>ejus</span> <span class='ocrx_word' id='word_1_202' title='bbox 1163 3339 1229 3382; x_wconf 89' lang='lat' dir='ltr'>esse</span> 
     </span>
     <span class='ocr_line' id='line_1_27' title="bbox 227 3427 1236 3522; baseline 0.001 -31"><span class='ocrx_word' id='word_1_203' title='bbox 227 3428 387 3506; x_wconf 90' lang='lat' dir='ltr'>debemus,</span> <span class='ocrx_word' id='word_1_204' title='bbox 404 3428 458 3513; x_wconf 92' lang='lat' dir='ltr'>qui</span> <span class='ocrx_word' id='word_1_205' title='bbox 472 3428 511 3492; x_wconf 92' lang='lat' dir='ltr'>de</span> <span class='ocrx_word' id='word_1_206' title='bbox 526 3428 755 3512; x_wconf 83' lang='lat' dir='ltr'>conquisitione</span> <span class='ocrx_word' id='word_1_207' title='bbox 770 3429 853 3512; x_wconf 91' lang='lat' dir='ltr'>apud</span> <span class='ocrx_word' id='word_1_208' title='bbox 869 3428 995 3494; x_wconf 90' lang='lat' dir='ltr'>Bellum</span> <span class='ocrx_word' id='word_1_209' title='bbox 1013 3429 1096 3494; x_wconf 87' lang='lat' dir='ltr'>faeta</span> <span class='ocrx_word' id='word_1_210' title='bbox 1113 3427 1236 3522; x_wconf 83' lang='lat' dir='ltr'>feodati</span> 
     </span>
     <span class='ocr_line' id='line_1_28' title="bbox 227 3536 1230 3624; baseline 0.005 -25"><span class='ocrx_word' id='word_1_211' title='bbox 227 3559 344 3600; x_wconf 90' lang='lat' dir='ltr'>sumus.</span> <span class='ocrx_word' id='word_1_212' title='bbox 379 3538 424 3601; x_wconf 90' lang='lat' dir='ltr'>Et</span> <span class='ocrx_word' id='word_1_213' title='bbox 435 3536 583 3621; x_wconf 87' lang='lat' dir='ltr'>quoniam</span> <span class='ocrx_word' id='word_1_214' title='bbox 598 3537 754 3624; x_wconf 88' lang='lat' dir='ltr'>judicium</span> <span class='ocrx_word' id='word_1_215' title='bbox 769 3544 914 3603; x_wconf 89' lang='lat' dir='ltr'>nostrum</span> <span class='ocrx_word' id='word_1_216' title='bbox 929 3544 1037 3603; x_wconf 91' lang='lat' dir='ltr'>utrum</span> <span class='ocrx_word' id='word_1_217' title='bbox 1051 3539 1230 3604; x_wconf 85' lang='lat' dir='ltr'>faciendum</span> 
     </span>
     <span class='ocr_line' id='line_1_29' title="bbox 226 3646 1229 3731; baseline 0.006 -22"><span class='ocrx_word' id='word_1_218' title='bbox 226 3646 270 3710; x_wconf 89' lang='lat' dir='ltr'>sit</span> <span class='ocrx_word' id='word_1_219' title='bbox 284 3668 382 3710; x_wconf 89' lang='lat' dir='ltr'>necne</span> <span class='ocrx_word' id='word_1_220' title='bbox 396 3647 536 3730; x_wconf 83' lang='lat' dir='ltr'>exigitis,</span> <span class='ocrx_word' id='word_1_221' title='bbox 551 3654 589 3712; x_wconf 90' lang='lat' dir='ltr'>ut</span> <span class='ocrx_word' id='word_1_222' title='bbox 610 3654 731 3712; x_wconf 87' lang='lat' dir='ltr'>cartam</span> <span class='ocrx_word' id='word_1_223' title='bbox 753 3648 934 3731; x_wconf 75' lang='lat' dir='ltr'>predictam</span> <span class='ocrx_word' id='word_1_224' title='bbox 957 3649 1145 3714; x_wconf 89' lang='lat' dir='ltr'>auctoritate</span> <span class='ocrx_word' id='word_1_225' title='bbox 1160 3671 1229 3715; x_wconf 84' lang='lat' dir='ltr'>ves·</span> 
     </span>
     <span class='ocr_line' id='line_1_30' title="bbox 225 3756 1228 3844; baseline 0.005 -26"><span class='ocrx_word' id='word_1_226' title='bbox 225 3760 277 3819; x_wconf 86' lang='lat' dir='ltr'>tra</span> <span class='ocrx_word' id='word_1_227' title='bbox 299 3756 513 3821; x_wconf 84' lang='lat' dir='ltr'>confirmando</span> <span class='ocrx_word' id='word_1_228' title='bbox 536 3759 693 3822; x_wconf 88' lang='lat' dir='ltr'>renovetis</span> <span class='ocrx_word' id='word_1_229' title='bbox 717 3757 970 3844; x_wconf 86' lang='lat' dir='ltr'>adjudicamus.’&#39;</span> <span class='ocrx_word' id='word_1_230' title='bbox 1015 3760 1084 3822; x_wconf 86' lang='lat' dir='ltr'>Rex</span> <span class='ocrx_word' id='word_1_231' title='bbox 1099 3759 1228 3832; x_wconf 79' lang='lat' dir='ltr'>adhaec,</span> 
     </span>
     <span class='ocr_line' id='line_1_31' title="bbox 226 3866 1230 3946; baseline 0.003 -18"><span class='ocrx_word' id='word_1_232' title='bbox 226 3870 336 3928; x_wconf 88' lang='lat' dir='ltr'>vocato</span> <span class='ocrx_word' id='word_1_233' title='bbox 362 3866 504 3930; x_wconf 86' lang='lat' dir='ltr'>Waltero</span> <span class='ocrx_word' id='word_1_234' title='bbox 534 3867 572 3930; x_wconf 88' lang='lat' dir='ltr'>de</span> <span class='ocrx_word' id='word_1_235' title='bbox 603 3868 813 3945; x_wconf 71' lang='lat' dir='ltr'>coustumiis,</span> <span class='ocrx_word' id='word_1_236' title='bbox 843 3874 921 3932; x_wconf 88' lang='lat' dir='ltr'>tunc</span> <span class='ocrx_word' id='word_1_237' title='bbox 949 3867 1133 3932; x_wconf 87' lang='lat' dir='ltr'>cancellario</span> <span class='ocrx_word' id='word_1_238' title='bbox 1163 3890 1230 3946; x_wconf 90' lang='lat' dir='ltr'>suo,</span> 
     </span>
     <span class='ocr_line' id='line_1_32' title="bbox 225 3975 1229 4063; baseline 0.005 -25"><span class='ocrx_word' id='word_1_239' title='bbox 225 3975 427 4056; x_wconf 90' lang='lat' dir='ltr'>postmodum</span> <span class='ocrx_word' id='word_1_240' title='bbox 451 3976 665 4042; x_wconf 77' lang='lat' dir='ltr'>Lineolniensi</span> <span class='ocrx_word' id='word_1_241' title='bbox 688 3977 843 4062; x_wconf 90' lang='lat' dir='ltr'>episcopo,</span> <span class='ocrx_word' id='word_1_242' title='bbox 858 3983 976 4063; x_wconf 90' lang='lat' dir='ltr'>etpost</span> <span class='ocrx_word' id='word_1_243' title='bbox 991 3978 1148 4043; x_wconf 89' lang='lat' dir='ltr'>modicum</span> <span class='ocrx_word' id='word_1_244' title='bbox 1166 3979 1229 4043; x_wconf 84' lang='lat' dir='ltr'>Ro·</span> 
     </span>
     <span class='ocr_line' id='line_1_33' title="bbox 224 4085 1230 4170; baseline 0.002 -20"><span class='ocrx_word' id='word_1_245' title='bbox 224 4085 426 4169; x_wconf 85' lang='lat' dir='ltr'>thomagensi</span> <span class='ocrx_word' id='word_1_246' title='bbox 447 4085 688 4170; x_wconf 87' lang='lat' dir='ltr'>archiepiscopo,</span> <span class='ocrx_word' id='word_1_247' title='bbox 701 4086 799 4169; x_wconf 87' lang='lat' dir='ltr'>jussit</span> <span class='ocrx_word' id='word_1_248' title='bbox 818 4091 937 4149; x_wconf 86' lang='lat' dir='ltr'>cartam</span> <span class='ocrx_word' id='word_1_249' title='bbox 957 4108 1071 4151; x_wconf 83' lang='lat' dir='ltr'>novam</span> <span class='ocrx_word' id='word_1_250' title='bbox 1093 4087 1230 4152; x_wconf 90' lang='lat' dir='ltr'>nominis</span> 
     </span>
     <span class='ocr_line' id='line_1_34' title="bbox 225 4194 1229 4282; baseline 0.001 -22"><span class='ocrx_word' id='word_1_251' title='bbox 225 4201 259 4260; x_wconf 89' lang='lat' dir='ltr'>et</span> <span class='ocrx_word' id='word_1_252' title='bbox 273 4195 372 4279; x_wconf 84' lang='lat' dir='ltr'>sigilli</span> <span class='ocrx_word' id='word_1_253' title='bbox 387 4195 469 4278; x_wconf 86' lang='lat' dir='ltr'>regii</span> <span class='ocrx_word' id='word_1_254' title='bbox 484 4194 657 4258; x_wconf 89' lang='lat' dir='ltr'>seeundum</span> <span class='ocrx_word' id='word_1_255' title='bbox 673 4194 806 4258; x_wconf 90' lang='lat' dir='ltr'>formam</span> <span class='ocrx_word' id='word_1_256' title='bbox 822 4199 916 4258; x_wconf 81' lang='lat' dir='ltr'>eartae</span> <span class='ocrx_word' id='word_1_257' title='bbox 930 4196 1045 4260; x_wconf 85' lang='lat' dir='ltr'>veteris</span> <span class='ocrx_word' id='word_1_258' title='bbox 1060 4196 1137 4276; x_wconf 84' lang='lat' dir='ltr'>ficri,</span> <span class='ocrx_word' id='word_1_259' title='bbox 1151 4220 1229 4282; x_wconf 81' lang='lat' dir='ltr'>pne-</span> 
     </span>
    </p>
   </div>
   <div class='ocr_carea' id='block_1_5' title="bbox 407 4369 1057 4437">
    <p class='ocr_par' dir='ltr' id='par_1_5' title="bbox 407 4369 1057 4437">
     <span class='ocr_line' id='line_1_35' title="bbox 407 4369 1057 4437; baseline -0.002 -16"><span class='ocrx_word' id='word_1_260' title='bbox 407 4369 415 4400; x_wconf 92' lang='lat'><strong>¹</strong></span> <span class='ocrx_word' id='word_1_261' title='bbox 433 4372 502 4421; x_wconf 83' lang='lat' dir='ltr'>Hist.</span> <span class='ocrx_word' id='word_1_262' title='bbox 515 4372 584 4421; x_wconf 82' lang='lat' dir='ltr'>Mon.</span> <span class='ocrx_word' id='word_1_263' title='bbox 596 4371 629 4420; x_wconf 87' lang='lat' dir='ltr'>de</span> <span class='ocrx_word' id='word_1_264' title='bbox 640 4371 719 4428; x_wconf 84' lang='lat' dir='ltr'>Bello,</span> <span class='ocrx_word' id='word_1_265' title='bbox 731 4372 780 4421; x_wconf 82' lang='lat'>164</span> <span class='ocrx_word' id='word_1_266' title='bbox 791 4369 870 4435; x_wconf 72' lang='lat' dir='ltr'>(Aug.</span> <span class='ocrx_word' id='word_1_267' title='bbox 882 4371 966 4421; x_wconf 81' lang='lat' dir='ltr'>Chris.</span> <span class='ocrx_word' id='word_1_268' title='bbox 979 4371 1057 4437; x_wconf 77' lang='lat' dir='ltr'>See).</span> 
     </span>
    </p>
   </div>
   <div class='ocr_carea' id='block_1_6' title="bbox 0 0 1504 4972">
    <p class='ocr_par' dir='ltr' id='par_1_6' title="bbox 0 0 1504 4972">
     <span class='ocr_line' id='line_1_36' title="bbox 0 0 1504 4972; baseline 0 0"><span class='ocrx_word' id='word_1_269' title='bbox 0 0 1504 4972; x_wconf 95' lang='lat' dir='ltr'> </span> 
     </span>
    </p>
   </div>
  </div>
 </body>
</html>
