3000 4972
680 562 789 606 auuar
814 562 836 604 1.
1187 541 1248 604 133

311 715 344 763 he
355 713 406 762 had
426 715 492 763 beon
504 713 631 763 disssised
643 715 678 777 by
686 714 826 777 jndgment
837 712 866 762 of
876 715 966 770 court3
985 711 1031 760 the
1043 725 1103 761 case
1114 710 1194 774 being
1204 709 1248 760 de·

310 793 384 841 cided
395 793 429 856 by
441 793 486 841 the
496 792 583 855 king's
595 793 731 856 justiciam
743 793 795 841 and
807 790 926 856 barone]

246 906 288 969 In
310 906 421 970 diebus
446 906 542 990 hujus
573 908 683 990 patris¹
708 907 837 992 quidam
868 906 1002 992 maligni
1026 907 1177 971 abeuntes
1207 903 1247 968 ad

245 1039 348 1100 regem
372 1016 527 1080 adulando
554 1024 721 1081 suaserunt
744 1016 771 1081 ei
799 1024 835 1081 ut
858 1017 1056 1081 hundredum
1072 1016 1111 1080 de
1128 1014 1247 1079 Horni-

245 1150 328 1191 mere
344 1127 417 1192 huic
441 1127 575 1191 ecclesias
595 1127 760 1211 abriperet,
776 1127 870 1191 simul
895 1134 927 1192 et
952 1132 1125 1192 mercatum
1150 1126 1246 1208 hujus

244 1237 326 1301 villar
363 1237 564 1301 interdiceret
575 1263 584 1314 ;
623 1239 816 1302 affirmantes
853 1238 918 1301 suis
955 1236 1126 1301 mendaciis
1162 1235 1243 1321 quod

243 1370 405 1433 nunquam
430 1347 527 1411 abbas
550 1348 647 1432 hujus
675 1348 734 1411 loci
766 1348 798 1411 in
829 1347 954 1432 propria
982 1352 1138 1431 potestate
1164 1345 1245 1409 illud

242 1459 397 1537 habuerit,
414 1459 464 1523 vel
487 1465 659 1523 mercatum
675 1459 851 1542 antiquitus
866 1459 899 1521 in
921 1458 980 1522 hac
1001 1458 1076 1521 nlla
1090 1456 1243 1521 extiterit.

245 1571 387 1635 Quorum
410 1569 641 1634 adulationibus
663 1592 718 1634 rex
739 1577 924 1648 commotus,
940 1568 1127 1653 quibusdam
1148 1567 1243 1652 justi-

242 1682 378 1746 cioribus
401 1682 466 1745 suis
492 1681 638 1766 pracepit
661 1682 866 1765 quaestionem
896 1682 969 1746 inde
998 1704 1130 1746 movere.
1177 1680 1241 1746 Qui

242 1792 425 1876 priusquam
449 1815 515 1856 rem
539 1792 621 1857 sicut
644 1798 711 1856 erat
736 1792 933 1877 indagarent,
958 1797 1058 1856 totam
1081 1791 1241 1856 abbatiam

242 1902 275 1965 in
299 1901 494 1966 forisfactum
520 1902 603 1986 regis
626 1909 806 1987 posuerunt.
844 1902 939 1968 Quod
960 1925 1089 1967 cernens
1104 1903 1152 1966 vir
1167 1926 1241 1986 pru·

240 2012 453 2091 dentissimus,
470 2019 537 2077 tam
557 2037 645 2077 saeuae
668 2015 849 2097 tempestati
874 2038 905 2079 se
921 2013 1055 2079 viriliter
1077 2015 1239 2099 objiciens,

240 2146 347 2208 regem
371 2123 460 2203 adiit,
476 2124 679 2209 privilegium
704 2124 788 2208 regis
802 2124 983 2189 Eaduuardi
997 2125 1138 2210 protulit,
1155 2132 1187 2191 et
1202 2133 1240 2191 ut

240 2235 363 2298 cunctis
386 2235 544 2318 legeretur
569 2235 704 2320 rogavit.
750 2235 843 2300 Quod
876 2258 959 2314 cum,
990 2258 1064 2319 rege
1098 2236 1239 2320 jubente,

241 2345 383 2429 Rogerus
401 2345 640 2409 salesberiensis
655 2345 817 2429 episcopus
832 2346 1003 2426 recitasset,
1019 2347 1114 2431 coepit
1129 2371 1182 2412 rex
1198 2348 1236 2412 ab

239 2455 459 2540 indignatione
474 2456 616 2520 animum
639 2479 791 2536 revocare,
807 2457 909 2521 leuius
924 2480 997 2522 cum
1012 2457 1118 2522 abbati
1141 2458 1237 2542 loqui.

239 2569 285 2631 At
321 2567 373 2632 ille
408 2569 512 2632 lavore
546 2568 698 2631 baronum
734 2567 850 2631 circum
888 2568 1103 2632 assistentium
1140 2568 1238 2633 fultus

243 2677 447 2762 (diligebatur
462 2678 547 2742 enim
562 2677 602 2741 ab
614 2677 771 2757 omnibus,
782 2700 817 2741 eo
833 2677 915 2761 quod
931 2685 1011 2742 esset
1023 2677 1190 2742 munificus
1205 2685 1237 2743 ct

235 2787 370 2872 largus),
386 2788 566 2871 postulabat
581 2810 687 2871 regem
703 2794 740 2850 ut
762 2787 839 2850 illud
863 2809 919 2851 suo
939 2787 1105 2871 privilegio
1120 2794 1152 2852 ot
1172 2788 1238 2873 ipse

235 2899 434 2963 confirmaret
455 2905 488 2962 et
509 2898 613 2983 sigillo
636 2898 791 2975 muniret,
822 2898 1012 2981 promittens
1033 2898 1061 2961 ei
1084 2904 1238 2963 trecentas

236 3033 356 3074 marcas
381 3010 507 3093 argenti
532 3033 564 3075 se
587 3010 748 3088 daturum,
775 3008 800 3072 si
824 3009 980 3093 deinceps,
1004 3010 1048 3074 sic
1075 3011 1235 3089 hactenus,

233 3120 342 3185 liceret
357 3120 417 3184 sibi
432 3120 537 3205 quiete
551 3127 582 3185 et
598 3121 664 3184 sine
674 3120 798 3203 querela
808 3120 840 3182 in
851 3120 975 3204 propria
990 3119 1067 3185 illud
1080 3127 1236 3205 potestate

233 3229 357 3294 habere.
403 3230 503 3316 Cujus
523 3230 665 3313 precibus
682 3253 735 3294 rex
751 3252 902 3309 annuens,
914 3230 1010 3313 jussit
1026 3253 1093 3315 quas
1107 3232 1234 3316 peteba-

233 3345 287 3402 tur
309 3339 376 3404 sine
398 3339 549 3406 dilatione
572 3339 649 3405 lieri.
696 3340 806 3404 Sedet
824 3340 862 3403 de
886 3348 1024 3405 mercatu
1040 3341 1122 3406 villae
1137 3343 1234 3426 jussit

233 3450 379 3514 similiter
395 3451 590 3515 voluntatem
614 3451 737 3515 abbatis
753 3450 830 3529 fieri,
847 3452 992 3515 muniens
1006 3475 1043 3516 ea
1056 3475 1124 3536 quae
1139 3454 1233 3518 scribi

232 3562 382 3646 pracepit
396 3584 453 3626 suo
468 3562 584 3645 sigillo.

374 3694 440 3759 [The
452 3696 584 3760 following
594 3712 638 3745 ars
649 3698 695 3746 the
706 3703 799 3760 granta
811 3698 840 3747 of
847 3699 1027 3748 confirmation
1037 3699 1090 3764 :—]

276 3810 442 3889 Hemicus‚
458 3833 513 3874 rex
536 3812 727 3894 Anglorum,
743 3813 888 3897 episcopo
905 3813 1086 3877 salesberiae
1102 3821 1134 3877 et
1150 3814 1231 3880 vice-

230 3920 350 3999 comiti,
365 3926 398 3984 et
417 3920 612 4004 justiciariis,
628 3932 661 3985 et
683 3922 830 3985 omnibus
852 3922 1021 3986 baronibus
1041 3929 1074 3986 et
1088 3922 1232 3988 fidelibus

228 4030 303 4108 suis,
321 4031 448 4094 Francis
464 4037 496 4094 et
512 4030 638 4114 Anglis,
654 4030 692 4095 de
709 4030 916 4108 Berchescira,
932 4032 1077 4096 salutem.
1118 4033 1232 4097 Sciatis

229 4163 280 4206 me
293 4141 479 4206 concessisse
507 4141 574 4205 Deo
599 4148 632 4204 ct
657 4140 792 4205 ecclesiae
817 4141 941 4203 Sanctae
964 4140 1076 4204 Mariae
1102 4142 1231 4206 Abben-

609 4246 615 4276 ¹
640 4250 858 4298 AbbctVinoent.
