3000 4972
86 4440 219 4680 Ἴ

290 550 329 609 20
535 564 666 609 1111111
691 563 1039 609 suem-uorruuuulcu.

309 768 448 851 [Brsucu
465 769 537 831 Ouo
552 791 579 833 1.
597 768 744 831 1111111111
758 789 797 832 01
812 771 982 831 Evususu.
1016 770 1131 832 Aucus
1149 766 1259 849 1071]

293 951 412 1017 [Walter,
435 955 516 1003 abbot
537 955 566 1003 of
586 955 722 1012 Evesham‚
744 956 878 1017 following
899 956 997 1014 advice,
1019 955 1120 1005 refusos
1142 958 1171 1003 to
1192 956 1293 1004 receive

356 1031 464 1094 homage
475 1032 541 1081 from
553 1048 631 1095 many
643 1033 672 1080 os
680 1033 721 1081 his
732 1048 799 1091 men,
811 1033 925 1096 desiring
937 1038 964 1081 to
975 1034 1038 1081 take
1048 1048 1124 1096 away
1133 1033 1292 1081 thoirlands.

356 1109 410 1157 Tne
422 1124 481 1157 meu
493 1111 520 1156 iu
531 1102 613 1172 anger
623 1124 656 1172 go
668 1113 696 1158 to
709 1110 771 1169 Orio,
784 1112 829 1158 thc
840 1110 927 1173 king's
938 1111 1120 1170 hals-brother,
1138 1110 1191 1158 and
1207 1110 1292 1173 allego

356 1186 415 1234 that
424 1187 545 1235 Walter’s
552 1187 717 1249 predecessor
726 1188 778 1236 hed
786 1203 857 1237 oome
866 1189 923 1236 into
930 1189 1077 1250 possession
1088 1189 1118 1236 of
1126 1188 1170 1235 tbc
1178 1187 1253 1237 lands
1264 1189 1293 1236 in

356 1264 475 1326 question
488 1265 522 1327 by
531 1264 658 1312 uniuwfnl
666 1280 755 1313 urceus
761 1284 769 1322 ;
781 1266 936 1327 whereupon
946 1266 978 1313 ho
989 1265 1130 1314 assembles
1141 1266 1191 1313 five
1201 1266 1292 1324 shires,

356 1341 408 1390 and
420 1343 454 1405 by
465 1343 535 1390 their
541 1342 680 1405 judgmeut
690 1358 809 1392 recovers
820 1344 1006 1407 twenty-eight
1017 1347 1102 1392 towns
1113 1343 1142 1390 of
1151 1345 1195 1391 the
1205 1344 1292 1392 abbot.

356 1419 410 1466 'I'he
422 1419 509 1477 abbot,
521 1419 649 1478 however,
661 1421 796 1468 institutes
807 1422 1009 1480 coeuntes-suit,
1019 1421 1071 1471 and
1082 1420 1204 1469 succeeds
1215 1420 1243 1468 in
1253 1435 1292 1469 ru·

355 1497 462 1559 guining
473 1498 621 1558 possession
634 1496 664 1545 of
677 1495 772 1561 them]

291 1651 358 1714 Hrc
385 1650 573 1733 [Walterus]
599 1674 671 1715 vero
696 1650 792 1715 abbas
812 1652 951 1727 effectus,
976 1672 1102 1714 omnem
1129 1648 1292 1713 abbatiam

289 1761 369 1825 hanc
383 1762 475 1826 sicuti
492 1768 669 1827 antecessor
684 1785 760 1826 suus
774 1761 911 1827 habebat
926 1762 1076 1845 suscepit.
1125 1761 1187 1825 Sed
1216 1761 1292 1845 quia

289 1880 364 1935 tuuc
373 1872 526 1954 temporis
530 1873 658 1956 juvenis
667 1878 735 1936 erat
744 1872 959 1951 aetate‚minus
969 1873 1110 1936 exoculari
1122 1871 1292 1955 prudentia

288 1981 439 2064 pra-ditus
464 2005 560 2066 quam
586 1988 756 2065 oporteret,
780 2004 911 2066 sequens
937 1981 1068 2045 consilia
1093 1981 1292 2066 quorundam

283 2092 437 2175 juvenum
477 2097 642 2175 pareutum
678 2115 806 2156 suorum
843 2093 883 2154 ad
920 2091 1096 2155 maximum
1135 2091 1289 2154 damnum

289 2201 437 2279 ecclesiae,
452 2202 556 2265 uoluit
570 2201 755 2285 homagium
780 2225 800 2266 a
823 2201 970 2285 pluribus
995 2201 1085 2266 bonis
1109 2199 1291 2265 hominibus

289 2336 367 2398 quos
384 2313 589 2396 praedecessor
603 2336 681 2377 suus
696 2313 848 2378 habuerat
863 2313 1028 2395 suscipere,
1040 2335 1075 2377 eo
1089 2313 1171 2397 quod
1187 2320 1289 2376 terras

288 2424 430 2488 omnium
446 2425 471 2489 si
487 2431 593 2509 posset
607 2424 747 2489 decrevit
761 2424 891 2489 auferre.
938 2425 1012 2490 Qua
1024 2423 1064 2488 de
1090 2447 1123 2488 re
1150 2424 1183 2487 iu
1208 2423 1288 2486 iram

287 2534 440 2599 etodium
456 2540 566 2600 contra
581 2558 653 2601 eum
668 2535 820 2613 conversi,
836 2535 875 2599 ad
892 2533 1036 2599 Odonem
1051 2535 1181 2599 fratrom
1195 2535 1290 2618 regie,

287 2645 469 2710 Baiocensis
493 2645 632 2711 ecclesias
658 2645 849 2730 episcopum,
871 2646 927 2731 qui
954 2652 1030 2710 tuuc
1056 2645 1209 2730 temporis
1232 2644 1290 2708 sub

287 2780 360 2841 rege
371 2758 458 2843 quasi
468 2757 596 2845 quidam
606 2764 761 2843 tyrannus
770 2757 901 2841 praeiuit
911 2756 984 2821 111111
995 2757 1289 2842 patriae,miserunt,

286 2867 366 2933 falsa
401 2869 596 2936 accusatione
634 2868 775 2933 diceutes
808 2868 956 2933 abbatem
994 2868 1210 2953 Ageluuium²
1236 2891 1291 2951 per

287 2979 517 3058 fortitudinem,
532 3002 596 3044 nou
620 2984 705 3044 recto
723 2980 807 3063 jure,
822 2985 929 3043 tantas
952 2984 1051 3042 terras
1077 2979 1288 3063 acquisivisse.

289 3089 490 3173 Quapropter
529 3089 642 3173 praesul
681 3089 840 3173 praefatus,
879 3089 1084 3153 nefandorum
1122 3089 1289 3152 hominum

287 3198 417 3262 consilio
446 3198 645 3281 depravatus,
675 3198 851 3282 cupiditate
879 3198 977 3267 etiam
1007 3198 1206 3280 iniquissima
1243 3220 1291 3260 res

286 3306 421 3371 ecclesie
446 3306 584 3371 habendi
607 3307 743 3369 nimium
769 3307 905 3385 illectus,
922 3329 1029 3390 regem
1056 3307 1185 3370 fratrem
1201 3306 1291 3378 adiit,

288 3424 321 3481 et
347 3424 413 3479 tam
438 3416 569 3500 pecunia
592 3437 689 3502 quam
716 3415 833 3500 iniquis
849 3417 913 3480 suis
928 3415 1177 3481 accusationibus
1192 3423 1292 3481 terras

288 3527 391 3590 sancti
420 3526 604 3592 monasterii
634 3526 731 3610 hujus
757 3525 818 3589 sibi
847 3526 916 3591 dari
946 3527 1095 3592 obtinuit.
1140 3527 1292 3591 Protinus

288 3659 365 3719 ergo
379 3636 468 3720 quasi
479 3635 573 3719 lupus
588 3660 686 3721 rapax
701 3636 833 3701 concilia
849 3636 1094 3720 malignantium
1109 3637 1144 3701 in
1158 3637 1224 3702 loco
1236 3639 1290 3722 qui

287 3745 405 3809 dicitur
419 3745 668 3830 Gildonebeorge
677 3746 770 3831 jubet
785 3748 983 3832 congregari,
992 3748 1135 3834 quinquo
1146 3749 1291 3814 videlicet

288 3856 395 3929 scitas,
408 3855 517 3940 ibique
542 3856 613 3940 plus
639 3879 807 3941 persuum
832 3857 975 3943 iniquam
1002 3860 1176 3944 potentiam
1193 3883 1289 3945 quam

287 3973 371 4034 recto
390 3968 461 4052 jure
485 3989 525 4031 ex
540 3966 677 4051 triginta
697 3990 752 4032 sex
771 3968 864 4033 terris
888 3990 966 4054 quas
990 3969 1087 4034 abbas
1111 3971 1290 4056 Ageluuius

482 4201 489 4231 ¹
508 4200 602 4249 Ohrou.
615 4202 681 4251 Abb.
694 4202 726 4251 de
739 4204 918 4264 111111111196
929 4206 1001 4269 (Rec.
1013 4207 1105 4269 Com).

479 4280 490 4312 ²
509 4278 628 4329 Walter's
639 4281 813 4342 predoccssor.
