3000 4972
242 573 285 635 94
487 589 622 634 rneorm
645 586 993 633 sncuorouuaumcr.

297 766 385 854 [Tun
409 769 501 833 Kmo
525 789 551 830 o.
576 767 708 830 Rosam
730 785 772 829 na
794 764 1026 828 Momnrosrn.
1073 761 1200 846 110⁷.]¹

286 908 289 914 '
397 904 463 969 [Tho
474 904 616 953 defendant
627 902 763 952 convictod
774 900 803 952 oi
813 902 940 965 breaking
951 902 993 950 his
1005 899 1091 964 oath.]
1237 868 1242 875 Ι

243 1036 342 1099 Auro
368 1034 407 1098 ab
432 1033 645 1098 incarnatione
672 1032 803 1097 Domini
826 1032 986 1108 MCVII„
1013 1030 1170 1095 Henricus
1192 1053 1247 1093 rex

243 1169 383 1231 proceres
398 1168 469 1210 suos
492 1144 687 1222 convocavit,
714 1150 746 1207 et
771 1142 966 1206 Rodbertum
993 1142 1031 1206 de
1056 1141 1247 1205 Monteforti

243 1257 367 1343 placitis
394 1258 433 1321 de
456 1256 574 1321 violata
599 1255 660 1319 fide
683 1254 888 1339 propulsavit
934 1254 1029 1318 Unde
1053 1253 1148 1336 idem,
1171 1252 1247 1338 quia

243 1391 332 1434 reum
347 1390 379 1433 se
401 1367 511 1449 sensit,
525 1366 685 1432 licentiam
698 1365 793 1430 eundi
806 1364 976 1430 Ierusalem
986 1364 1115 1449 accepit,
1128 1370 1247 1430 totam·

244 1502 306 1566 que
321 1485 439 1544 terram
454 1500 545 1543 suam
561 1476 629 1561 regi
644 1475 783 1560 reliquit.

391 2003 519 2088 [Annos
541 2022 581 2067 or
602 2004 791 2068 Armenoc.
836 2003 951 2066 Anour
975 1998 1105 2088 1107.]¹

247 2136 315 2204 [rho
325 2139 412 2203 kinng
431 2140 491 2190 writ
502 2140 654 2203 exempting
664 2140 710 2188 the
721 2138 819 2188 ohnrch
831 2141 860 2188 at
872 2137 1011 2202 Abingdon
1027 2138 1094 2187 from
1113 2137 1169 2199 toll,
1189 2151 1247 2201 pas·

604 2233 674 2280 sege,
686 2217 739 2266 and
750 2215 888 2282 customs]

248 2346 504 2424 HBNR10us,rex
527 2345 665 2428 Anglioe,
680 2344 812 2409 Warino
836 2345 1003 2430 praeposito
1029 2345 1201 2423 Hemone,
1215 2348 1249 2408 et

246 2455 401 2520 ministris
416 2456 490 2529 suis,
506 2456 654 2524 salutem.
699 2456 848 2540 Praecipio
860 2455 945 2541 quod
958 2455 1061 2520 victus
1070 2460 1102 2520 ct
1113 2455 1249 2519 vestitus

246 2566 369 2631 abbatis
384 2566 423 2631 de
438 2566 645 2646 Abbendona,
660 2574 692 2631 et
707 2566 858 2651 quicquid
874 2565 1015 2630 homines
1030 2566 1096 2649 ejus
1112 2566 1249 2651 poterint

246 2678 371 2743 affidare
386 2701 452 2742 esse
477 2700 568 2741 suum
584 2677 756 2761 proprium,
774 2677 816 2741 sit
838 2677 982 2761 quietum
1005 2675 1043 2741 de
1066 2676 1153 2741 omni
1179 2678 1249 2741 the·

246 2787 347 2866 lonco,
367 2793 401 2851 et
424 2787 570 2872 lestagio,
596 2793 630 2851 et
653 2785 890 2865 consuetudine,
913 2791 947 2850 et
971 2786 1116 2871 passagio
1127 2812 1137 2865 3
1163 2791 1197 2850 et
1222 2787 1250 2851 si

246 2897 323 2982 quid
340 2897 412 2962 inde
435 2903 565 2983 captum
586 2921 678 2983 super
702 2899 760 2962 hoc
786 2902 843 2976 est,
867 2896 930 2961 cito
953 2895 1113 2962 reddatur.
1158 2897 1250 2962 'Peste

247 3009 301 3073 W.
317 3008 355 3073 de
369 3009 476 3075 Tane’.
510 3010 572 3074 Per
587 3008 798 3073 Willielmum
811 3007 850 3073 de
862 3006 981 3086 Calna3
1001 3005 1084 3093 apud
1101 3006 1249 3072 Windre-

247 3142 361 3184 Soram.

439 3633 567 3717 [Anuor
590 3636 756 3701 Fannius.
801 3638 916 3702 Aaour
939 3637 1069 3722 11()7.]8

358 3766 426 3832 [The
435 3769 522 3832 king's
533 3771 593 3821 writ
604 3772 787 3836 commanding
797 3775 953 3824 restoration
964 3776 994 3825 of
1007 3774 1152 3840 fugitives]

251 3882 433 3963 Hmmcus,
446 3908 499 3950 rex
521 3886 657 3970 Angliae
677 3888 822 3952 omnibus
840 3890 1078 3956 vicecomitibus
1093 3897 1127 3957 et
1140 3892 1251 3956 minis·

249 3992 307 4058 tris
337 3993 401 4058 suis
441 3996 540 4060 totius
569 3997 708 4081 Angliae,
739 3998 772 4061 in
811 4022 942 4084 quorum
984 4001 1092 4066 baillia
1120 4003 1252 4089 fugitivi

463 4133 471 4166 ¹
489 4132 578 4181 sord.
590 4134 670 4183 vital.
682 4134 731 4182 239
743 4135 858 4196 (French
870 4136 940 4187 Hist.
954 4137 1034 4200 Soc).

346 4207 358 4243 ²
375 4211 391 4258 2
403 4210 473 4260 Hist.
485 4211 554 4259 Mon.
567 4212 678 4275 Abingd.
691 4211 723 4263 79
735 4213 807 4278 (Boc.
820 4214 912 4278 Com).
1033 4216 1044 4250 ³
1060 4217 1100 4266 Ib.
1113 4219 1153 4267 81.
