3000 4972
657 555 799 602 amaran
823 557 844 600 1.
1209 544 1250 604 23

248 707 307 773 cho
328 731 375 773 res
390 713 519 773 sancta¹
537 715 734 794 procurante,
751 732 806 773 rex
821 708 950 773 tandem
967 715 1109 794 respectu
1134 709 1250 775 divinae

248 820 466 885 misericordiae
477 821 647 885 instinctus
662 821 712 884 his
728 821 898 899 intendere,
910 821 1105 907 principibus
1117 821 1249 886 circum-

246 932 358 1015 positis
374 955 428 1016 per
437 931 639 996 Baioeensem
656 931 837 1017 episcopum
848 932 996 1016 praecepit
1008 933 1073 996 haec
1085 932 1249 1014 discutere,

246 1043 385 1107 adunato
400 1043 440 1106 ad
457 1042 649 1106 Keneteford
672 1042 770 1105 trium
795 1041 1011 1126 proximorum
1037 1044 1248 1108 comitatuum

245 1153 399 1218 examine.
445 1152 505 1217 Cui
527 1152 736 1237 disputationi
759 1152 855 1216 multi
876 1175 956 1236 saepe
971 1153 1195 1234 interfuerunt,
1210 1155 1250 1219 de

246 1263 361 1348 quibus
376 1263 498 1348 aliquos
514 1262 757 1347 subscripsimus
768 1263 824 1347 qui
839 1262 933 1327 finem
949 1264 1152 1330 dissensionis
1174 1270 1249 1330 ratas

245 1373 454 1438 conclusionis
469 1373 530 1438 fide
546 1373 734 1437 intulerunt.
782 1373 927 1437 Quatuor
942 1374 1072 1439 abbates
1087 1397 1158 1439 cum
1183 1377 1250 1440 suis

247 1484 451 1568 Francigenis
480 1489 513 1548 et
543 1483 679 1567 Anglis;
718 1482 920 1546 Baldewinus
951 1482 1248 1564 AEdmundinensis,

247 1591 1250 1673 WlfwoldusCertesiensis,UlfchetclCrulandensis,Alfwoldus

248 1677 446 1768 Holmensis:
460 1704 558 1788 legati
571 1702 826 1786 regis,Ricardus
839 1702 922 1765 filius
932 1703 1057 1767 comitis
1069 1703 1249 1784 Gislebcrti,

248 1815 364 1878 Heimo
387 1814 518 1898 dapifer,
534 1814 624 1878 'Phiel
651 1814 690 1878 de
716 1814 841 1878 Heruin
854 1840 863 1891 ;
888 1813 1089 1878 vicecomites
1104 1816 1250 1881 similiter

245 1947 318 1989 cum
342 1926 418 2004 suis,
444 1925 548 2004 Picot,
565 1926 768 2003 Eustachius,
792 1925 958 2004 Radulfus,
974 1927 1143 1991 Walterus.
1189 1930 1250 1993 Pro

247 2035 393 2121 Rodgero
422 2041 455 2099 et
485 2036 645 2100 Rodberto
675 2035 875 2100 vicecomites
907 2036 1122 2113 Harduuinus,
1142 2039 1249 2119 Wido,

245 2147 373 2225 Winur,
397 2147 581 2226 Wihumur,
609 2147 689 2225 Odo,
718 2146 883 2225 Godricus,
909 2148 1064 2228 Norman,
1090 2149 1249 2230 Colsuein,

247 2256 433 2322 Godwinus.
459 2258 619 2342 Ceteriqui
631 2257 762 2341 plurimi
776 2258 894 2322 milites
905 2259 1031 2342 probati
1045 2261 1249 2346 Francigcnae

245 2373 278 2432 et
305 2368 407 2452 Angli
431 2369 527 2433 etiam
552 2369 590 2433 de
616 2370 700 2432 IIII.
725 2369 930 2432 comitatibus
957 2370 1065 2449 AEsex,
1084 2373 1249 2452 Herelord,

249 2480 475 2558 Huntendune,
506 2479 671 2544 Bedeford.
716 2480 778 2543 Est
815 2486 923 2543 autem
961 2480 1118 2545 libertatis
1154 2484 1249 2570 hujus

245 2589 420 2654 veneranda
445 2591 596 2674 quietatio
620 2594 658 2653 ut
684 2596 793 2654 sancta
822 2591 933 2674 regina
962 2592 1166 2675 integerrime
1192 2618 1248 2659 sua

244 2701 383 2784 possedit
407 2700 446 2763 ab
471 2699 564 2763 initio
589 2705 621 2763 et
652 2721 764 2783 regum
789 2698 925 2782 AEdgari
949 2707 981 2763 et
1008 2701 1185 2767 AEthelredi
1216 2711 1251 2768 et

245 2809 407 2873 AEdwardi
432 2809 651 2896 comprobatur
676 2807 852 2893 privilegiis
876 2809 959 2892 quod
981 2810 1047 2874 haec
1067 2819 1249 2876 sanctorum

244 2928 279 2984 et
306 2920 443 2983 maxime
471 2919 676 2985 AEthelwoldi
705 2924 881 2983 restaurata
905 2926 981 2983 sunt
1007 2921 1122 2997 studio,
1148 2928 1181 2986 et
1209 2925 1249 2988 ab

244 3031 331 3095 omni
348 3031 543 3095 saecularium
559 3036 717 3115 potestate
732 3030 855 3114 copiose
870 3030 1031 3115 redempta
1053 3035 1248 3114 commerci0,

244 3149 277 3206 et
287 3142 428 3226 maligne
444 3142 655 3206 renitentibus
665 3141 842 3225 conscripta
850 3147 883 3206 et
893 3142 1087 3207 conclamata
1096 3144 1249 3230 dampna·

243 3253 339 3316 tionis
365 3252 558 3337 imprecatio.
606 3253 701 3316 Hanc
726 3251 954 3318 validissimam
977 3255 1202 3321 discussionem
1217 3265 1250 3323 et

243 3363 458 3427 cautissimam
496 3362 731 3428 institutionem
765 3386 805 3428 nc
842 3387 904 3448 qua
934 3372 1040 3450 posset
1076 3367 1249 3452 iuquietare

243 3473 423 3559 calumpnia
432 3473 563 3559 provida
578 3479 612 3537 et
626 3474 779 3538 benevola
793 3498 826 3539 se
842 3475 925 3560 regis
935 3477 1073 3541 accinxit
1083 3477 1249 3558 industria,

243 3584 406 3670 praecptis
434 3607 503 3649 cam
528 3584 687 3662 roborans,
719 3584 830 3649 edictis
860 3587 1059 3666 confirmans,
1090 3589 1248 3654 beneficiis

243 3719 374 3781 augens,
390 3696 485 3761 cartis
501 3696 656 3774 muniens,
673 3719 807 3781 quarum
830 3720 927 3761 unam
954 3699 1092 3783 presenti
1117 3702 1247 3786 negotio

243 3808 436 3891 adjacentem
451 3829 557 3871 rerum
572 3808 666 3872 series
682 3808 823 3892 exposcit
838 3809 1001 3875 subscribi.

286 4033 483 4098 Willelmus²
499 4035 679 4118 Anglorum
709 4056 762 4097 rex
785 4034 932 4098 omuibus
955 4036 1102 4100 fidelibus
1126 4039 1190 4101 suis
1216 4044 1248 4103 et

440 4198 446 4228 ¹
466 4197 483 4244 i.
495 4212 518 4245 e.
533 4197 570 4246 St.
584 4197 750 4245 Etheldrcda.

439 4278 450 4309 ²
468 4279 544 4325 Liber
556 4279 675 4337 Elliensis,
688 4278 737 4326 252
754 4276 837 4338 (Aug.
850 4277 934 4326 Chris.
948 4276 1028 4339 Soc).
