3000 4972
250 531 311 593 168
494 547 627 593 anacam
648 548 995 596 anano-rosunum.

245 721 343 762 annos
367 699 517 765 redderet.
563 700 627 767 Qui
655 701 762 766 villam
794 701 910 779 tenuit,
936 699 990 764 sed
1013 699 1247 765 nihilomnino

244 832 360 894 proca
388 811 534 876 reddidit.
580 812 686 879 Quam
710 813 750 877 ob
779 835 905 877 causam
931 811 1027 876 abbas
1051 811 1089 875 ad
1115 812 1246 876 eandem

244 920 352 985 villam
362 923 518 1007 quendam
527 947 566 987 ex
575 924 735 988 monacbis
750 924 815 986 suis
829 923 1060 1001 transmittens,
1071 923 1247 988 resaisiavit

244 1051 312 1094 eam
337 1034 371 1096 in
395 1056 492 1097 manu
516 1056 590 1112 sua,
614 1040 762 1119 reputans
788 1034 848 1098 sibi
874 1034 907 1097 in
930 1035 1247 1118 quantulumcunque

243 1140 322 1205 lueri
337 1144 498 1227 provenire
513 1144 624 1208 saltem
638 1145 739 1229 ipsam
755 1144 862 1208 villam
883 1143 966 1226 (licet
982 1144 1077 1208 ctiam
1102 1144 1244 1228 aliquan·

244 1253 300 1317 diu
324 1277 396 1319 cum
418 1256 608 1321 detrimento
632 1257 799 1321 constituti
814 1256 965 1337 redditus)
985 1256 1134 1334 obtinere,
1150 1279 1245 1340 quam

243 1370 376 1450 utroque
405 1366 509 1445 simul,
539 1373 571 1431 et
594 1365 669 1431 villa
695 1365 811 1430 scilieet
839 1371 870 1429 et
897 1364 989 1428 solito
1016 1367 1081 1449 ejus
1108 1365 1244 1442 redditu,

243 1476 383 1542 destitui.
429 1477 499 1542 Hoc
535 1485 642 1541 autem
678 1479 798 1541 factum
836 1480 1026 1540 memoratus
1064 1475 1186 1554 Simon,
1212 1481 1246 1539 et

245 1587 404 1652 Walterus
426 1611 522 1672 gener
551 1590 628 1674 ejus,
660 1610 780 1652 necnon
809 1595 841 1651 et
870 1587 926 1651 filii
956 1610 1074 1663 eorum,
1104 1587 1246 1669 graviter

244 1698 440 1781 accipientes,
457 1699 560 1762 multa
582 1700 663 1763 circa
688 1721 744 1762 nos
769 1698 912 1783 deinceps
936 1697 1059 1762 malitia
1082 1698 1132 1759 usi
1157 1702 1244 1775 sunt,

244 1808 333 1872 nobis
348 1832 468 1894 semper
482 1816 576 1894 prout
592 1810 738 1874 valebant
753 1809 961 1874 adversantes.

286 1919 333 1982 Eo
359 1921 461 2002 igitur
484 1943 567 1983 anno
592 1942 654 2004 quo
678 1943 731 1983 rex
749 1921 927 2003 Stephanus
953 1925 985 1983 et
1003 1919 1158 1982 Henricus
1180 1917 1245 1980 dux

242 2030 447 2093 Normanniae
483 2030 623 2094 soederati
660 2037 745 2109 sunt,
778 2030 946 2094 Turstinus
985 2029 1069 2093 filius
1106 2029 1244 2112 ejusdem

245 2140 382 2203 Simonis
408 2142 567 2224 suggessit
592 2141 659 2224 regi
686 2141 831 2204 abbatem
857 2140 1071 2204 Abbcndoniae
1093 2139 1244 2224 quasdam

242 2251 420 2314 hereditarii
444 2251 492 2313 sui
518 2252 598 2334 juris
624 2252 829 2336 possessiones
855 2251 973 2334 injusta
998 2258 1030 2316 et
1045 2250 1245 2315 fraudulenta

242 2362 404 2426 invasione
439 2363 506 2446 jam
542 2361 724 2446 aliquandiu
761 2385 936 2446 occupasse.
991 2363 1086 2426 Datis
1122 2363 1151 2426 ei
1188 2384 1244 2447 pro

243 2473 442 2536 restitutione
468 2474 645 2537 eorumdem
670 2473 861 2551 muneribus,
877 2495 931 2537 rex
955 2472 1037 2537 illico
1068 2473 1175 2537 abbati
1190 2494 1245 2556 per

241 2585 334 2649 breve
357 2607 450 2648 suum
474 2585 638 2649 mandavit
664 2591 712 2665 ut,
729 2591 848 2649 remota
875 2585 962 2648 omni
981 2584 1140 2661 dilatione,
1157 2585 1243 2669 quie-

243 2696 319 2781 quid
348 2697 515 2761 Turstinus
544 2719 636 2760 snum
667 2698 800 2777 dicebat,
830 2697 981 2760 saisiaret.
1029 2698 1101 2762 Quo
1126 2696 1245 2775 audito,

217 2883 222 2890 .
242 2809 338 2874 abbas
354 2831 416 2872 non
431 2808 498 2873 leve
512 2810 665 2873 damnum
681 2809 858 2894 inspiciens,
874 2831 936 2871 non
951 2806 1063 2871 leviter
1077 2807 1243 2871 consensit.

243 2921 395 2984 Adunata
423 2927 530 2985 tamen
559 2922 644 2985 curin
674 2944 739 3001 sua,
765 2921 848 2985 diem
885 2921 1002 2984 statuit
1033 2942 1104 3003 quo,
1136 2918 1245 2982 habita

243 3030 472 3109 deliberatione,
502 3033 695 3116 excogitaret
725 3034 800 3116 quid
831 3055 923 3117 super
952 3033 1010 3095 hoc
1036 3029 1243 3115 responderet.

245 3141 266 3202 J
267 3164 318 3204 am
334 3142 440 3206 aderat
455 3142 520 3206 dies
534 3149 666 3222 statuta,
681 3149 713 3207 et
737 3144 878 3207 nondum
904 3142 1118 3207 consentiente
1132 3141 1245 3205 abbate

244 3258 281 3314 nt
312 3251 359 3316 vel
388 3258 466 3316 tunc
496 3254 663 3317 'lbrstinus
693 3255 776 3338 qnod
813 3254 940 3338 petebat
970 3253 1131 3336 acciperet,
1162 3252 1244 3315 sicat

244 3364 356 3447 primo,
371 3364 416 3427 sic
431 3365 564 3428 secundo
580 3366 660 3429 diem
677 3366 810 3443 distulit,
827 3390 889 3450 quo
904 3366 1021 3430 scilieet
1044 3365 1244 3449 sapientiores

244 3475 283 3538 de
297 3474 353 3538 tali
370 3476 497 3557 negotio
513 3476 694 3540 consuleret.
730 3479 802 3543 Quo
818 3485 927 3541 eontra
940 3478 1108 3541 Turstinus
1123 3476 1244 3539 lucrum

245 3607 338 3648 suum
366 3586 481 3649 differri
508 3586 713 3665 considerans,
738 3588 820 3650 diem
845 3589 959 3668 renuit,
977 3611 1081 3672 regem
1109 3588 1197 3665 adiit,
1212 3593 1245 3651 et

245 3696 329 3781 quod
354 3697 443 3782 jussa
472 3696 554 3780 regis
584 3697 679 3760 abbas
709 3698 835 3782 implere
872 3699 1017 3778 noluerit,
1055 3699 1245 3763 mendaciter

244 3808 416 3886 indicavit3
440 3809 566 3891 insuper
602 3814 653 3885 (ut
682 3811 775 3873 eitius
807 3811 873 3874 voti
903 3834 1029 3896 compos
1058 3811 1242 3885 efficeretur)

244 3941 350 4003 regem
374 3919 517 4003 regisque
542 3918 730 3984 collaterales
749 3923 817 4005 jam
840 3922 956 3986 iterum
981 3922 1163 3986 muneribus
1185 3921 1245 3985 sibi

244 4030 355 4096 illexit.
401 4033 472 4096 Rex
492 4039 598 4096 autem
614 4056 737 4096 causam
753 4034 894 4097 Turstini
905 4035 1027 4117 justam
1050 4033 1246 4109 existimanS,

243 4143 421 4208 vicecomiti
451 4167 517 4222 suo,
541 4150 619 4207 tunc
648 4147 798 4228 temporis
826 4147 963 4210 Henrico
993 4147 1030 4210 de
1055 4143 1245 4223 Oxenesord,

243 4255 391 4341 pracepit
418 4261 466 4335 ut,
489 4256 594 4320 ablato
618 4256 705 4321 omni
732 4256 893 4321 dilationis
929 4256 1088 4342 scrupulo,
1118 4278 1245 4321 causam
