3000 4972
300 530 362 593 126
544 546 678 592 nmerrs
700 545 1048 593 susm-nosnuuums.

559 724 696 808 [Mours
719 743 758 787 or
782 724 1034 808 Gnoucusrun.]¹

295 871 363 938 [The
382 873 468 937 king's
493 873 554 921 writ
576 872 726 934 srempting
744 873 789 921 the
812 874 905 922 monks
926 873 956 921 of
982 874 1135 922 Glouoester
1151 871 1218 921 from
1239 869 1294 929 toll,

627 953 753 1010 oustoms,
764 949 816 997 and
828 949 961 1014 passage]

296 1077 479 1154 Hnumcus,
496 1099 552 1141 rex
567 1076 706 1160 Angliae,
723 1076 872 1140 omnibus
887 1076 1124 1141 vicecomitibus
1138 1084 1170 1141 et
1185 1077 1295 1141 minis·

292 1187 352 1252 tris
381 1186 481 1251 totius
512 1187 650 1271 Angliae,
681 1187 826 1251 salutem.
886 1187 1037 1272 Praecipio
1066 1186 1149 1270 quod
1178 1187 1296 1272 proprii

293 1298 436 1363 homines
451 1297 675 1361 monachorum
690 1296 728 1360 de
745 1285 952 1376 Glouomtiin,
967 1303 1000 1361 et
1015 1297 1130 1374 victus,
1144 1304 1177 1363 et
1195 1321 1294 1364 eorre-

292 1409 390 1485 dium,
407 1413 440 1472 et
454 1428 503 1471 res
518 1406 696 1490 ubieunque
711 1406 845 1471 emerint
870 1412 904 1471 et
929 1407 1129 1472 vendiderint
1154 1409 1194 1473 ad
1217 1432 1296 1495 opus

291 1541 385 1583 suum
399 1516 571 1602 proprium,
588 1516 654 1581 sint
668 1516 767 1601 quieti
782 1517 821 1581 ab
837 1516 924 1582 omni
946 1517 1102 1597 thelonm,
1118 1525 1151 1583 et
1164 1541 1294 1585 consue·

292 1628 414 1706 tudine,
429 1633 463 1692 et
477 1626 633 1712 passagio.
678 1628 723 1690 Et
736 1627 886 1712 prohibeo
900 1650 940 1692 ne
955 1627 1069 1712 uliquis
1078 1652 1130 1693 eos
1139 1630 1296 1697 disturbet

292 1760 386 1822 super
414 1738 521 1802 decem
550 1736 645 1800 libras
666 1736 882 1802 forisfacturae.
927 1738 1020 1804 Teste
1043 1739 1146 1806 Runn.
1173 1744 1293 1809 canoel-

291 1848 368 1914 lario
383 1846 468 1934 apud
483 1847 699 1912 cirecestram.

555 2433 692 2518 [Morus
714 2453 753 2500 or
781 2434 1033 2521 Gnoucrsrsn.]³

677 2592 825 2659 [sermon
835 2593 918 2660 vrso]

292 2745 474 2824 Hmrmons,
504 2767 560 2810 rex
597 2744 736 2832 lingbu,
765 2747 908 2812 Waltero
945 2746 984 2812 de
1021 2745 1230 2830 Bellooampo,
1259 2750 1293 2810 et

290 2856 447 2921 ministris
475 2856 551 2937 suis,
577 2859 706 2923 Francis
731 2866 765 2923 et
799 2858 927 2943 Anglis,
954 2857 992 2922 de
1019 2856 1292 2943 Wyrecestresiro,

290 2968 435 3034 salutem.
482 2968 632 3053 Praeoipio
647 2970 731 3054 quod
746 2991 855 3034 omnes
874 2990 922 3033 res
943 2968 1169 3033 monachorum
1193 2965 1293 3032 Glou·

288 3080 418 3157 nostrin,
434 3084 467 3144 et
482 3081 576 3160 cono,
592 3085 625 3144 et
640 3086 785 3160 tannum,
808 3086 842 3146 et
861 3102 968 3159 naves,
984 3084 1017 3144 et
1039 3077 1187 3164 quiequid
1206 3090 1292 3143 'eme-

288 3188 355 3254 rint
370 3190 422 3255 vel
436 3189 598 3270 duxerint,
614 3213 683 3274 quae
706 3213 816 3256 eorum
840 3192 986 3258 homines
1010 3194 1144 3276 possunt
1166 3189 1292 3256 affidare

289 3320 356 3364 esse
370 3321 427 3362 suo
442 3299 609 3378 dominica,
625 3300 691 3364 sint
705 3300 813 3384 quieta
827 3299 867 3366 ob
883 3301 970 3366 omni
985 3300 1140 3380 theloneo,
1154 3306 1187 3366 et
1205 3300 1292 3366 omni

288 3408 521 3474 consuetudine.
567 3410 612 3474 Et
630 3409 761 3476 defendo
784 3434 878 3497 super
902 3410 1009 3477 decem
1034 3410 1130 3476 libras
1153 3411 1292 3477 forisfac-

288 3526 368 3584 turae
383 3540 423 3585 ne
437 3519 551 3604 aliquis
559 3543 611 3585 eos
620 3520 787 3587 disturbet.
832 3523 925 3588 Teste
934 3522 1077 3588 Waltero
1089 3523 1292 3590 Glouoestriae

289 3630 374 3715 opud
390 3629 631 3696 Glouoestrism.

354 3839 364 3874 ¹
382 3842 398 3890 2
410 3840 504 3890 cumn.
516 3841 586 3891 Mon.
598 3841 687 3892 Glouo.
698 3843 746 3892 1³2
758 3840 830 3907 (uso
842 3841 931 3908 Gom).
1090 3842 1102 3876 ²
1119 3844 1157 3893 Ib.
1170 3847 1226 3894 134.
