3000 4972
244 540 306 605 172
493 555 626 601 runcrrn
648 555 995 601 rucco-nonuunurcn.

242 708 392 792 Praecipio
427 709 511 792 quod
534 707 678 771 monachi
711 707 772 772 mei
799 707 837 772 de
855 708 1052 772 Abbendona
1066 714 1196 772 teneant
1211 709 1246 773 in

242 843 328 904 pace,
347 825 380 884 et
399 818 503 898 libere,
518 824 552 883 et
577 818 692 902 quiete,
707 823 740 881 et
764 819 850 902 juste
876 818 964 882 IIII.
979 818 1069 881 hidas
1092 824 1182 883 terrae
1207 819 1245 883 de

243 930 505 1009 Chedelcswrtha,
529 929 612 993 sicut
649 951 700 992 eus
736 933 907 993 tenuerunt
945 935 1084 1012 tempore
1115 929 1246 994 Henrici

241 1042 335 1126 regis,
362 1043 413 1106 avi
448 1041 520 1121 mei,
544 1046 577 1105 et
600 1041 741 1124 ejusdem
776 1039 976 1104 libertatibus
1000 1063 1073 1104 cum
1097 1042 1245 1105 omnibus

242 1153 441 1239 pertiuentiis
456 1175 584 1227 earum;
607 1158 640 1217 et
655 1152 802 1236 prohibeo
818 1175 857 1215 ne
871 1152 942 1236 quis
956 1174 1008 1216 eos
1029 1153 1102 1216 inde
1127 1153 1246 1237 injuste

242 1271 340 1350 ponat
376 1266 410 1329 in
446 1263 617 1349 placitum„
655 1263 749 1328 Quod
785 1262 846 1326 nisi
877 1262 994 1342 seceris,
1019 1262 1148 1346 justitia
1176 1286 1246 1327 mea

241 1377 337 1441 faciat
362 1376 439 1455 fieri,
455 1399 494 1441 ne
518 1376 590 1440 inde
614 1375 740 1438 audiam
763 1374 928 1438 clamorem
944 1397 1001 1457 pro
1016 1375 1147 1457 penuria
1161 1374 1245 1459 plcui

242 1488 320 1552 recti
336 1487 387 1552 vel
402 1486 501 1550 firmae
515 1485 660 1570 justitiae.
694 1486 786 1549 Teste
801 1484 973 1564 Willclmo,
990 1484 1054 1548 filio
1070 1485 1225 1550 Johannis
1234 1513 1244 1564 3

244 1599 328 1682 apud
344 1598 489 1662 Chivam.

288 1708 361 1775 Quo
396 1710 491 1774 breve
527 1708 645 1785 audito,
676 1707 830 1771 Ricardus
859 1729 915 1771 nec
945 1707 1051 1772 valens
1080 1709 1113 1772 in
1142 1707 1246 1792 aliquo

243 1820 464 1899 contradicere,
502 1819 556 1883 sed
592 1824 625 1883 et
662 1817 762 1882 sciens
799 1840 831 1882 sc
867 1817 1065 1900 calumniam,
1102 1820 1246 1898 movisse,

243 1931 487 2016 chirographum
501 1929 565 1994 tale
581 1951 651 1992 cum
669 1929 970 1993 Abbendoneusibus
985 1931 1181 2015 composuit:

286 2043 411 2105 Notum
435 2041 478 2105 sit
502 2040 658 2112 omnibu,
679 2045 747 2102 tem
771 2040 975 2123 praesentibus
1001 2064 1096 2125 quum
1120 2041 1247 2121 futuris,

244 2151 327 2237 quod
342 2171 401 2233 ego
417 2151 571 2214 Ricardus
586 2152 708 2228 Basset,
721 2149 803 2213 filius
819 2151 961 2214 'turstini
978 2152 1099 2230 Basset,
1111 2152 1247 2216 concessi

243 2262 278 2325 in
301 2260 530 2344 eleemosynam
560 2265 753 2343 perpetuam,
777 2265 809 2323 et
839 2260 972 2324 firmiter
1000 2261 1183 2326 confirmavi
1211 2262 1246 2326 in

243 2369 391 2456 capitulo,
418 2392 522 2434 coram
547 2369 634 2433 omui
660 2376 829 2446 conventu,
852 2376 884 2434 et
908 2395 1000 2455 super
1026 2372 1124 2436 altere
1153 2373 1246 2457 signo

243 2482 362 2548 cultelli
395 2480 527 2567 propriis
564 2481 710 2544 manibus
747 2481 847 2565 posui,
883 2481 1016 2545 ecclcsiae
1053 2483 1246 2548 Abbendone

244 2595 332 2659 IIII.
349 2593 438 2658 hidas
452 2592 490 2657 de
508 2591 769 2670 Chedeleswrthe,
785 2613 856 2654 curn
872 2593 1071 2675 pertinentiis
1089 2617 1195 2658 earum
1211 2596 1246 2659 in

243 2707 345 2786 bosco,
371 2705 406 2768 in
430 2702 534 2789 plano,
560 2726 637 2788 quas
662 2725 740 2767 avus
766 2725 863 2781 mene,
889 2703 1046 2768 Radulfus
1069 2707 1190 2783 Basset,
1214 2712 1246 2770 et

244 2823 334 2903 pater
348 2840 448 2894 meus,
463 2815 632 2880 turstinus
647 2816 769 2892 Bueset,
783 2813 932 2877 dederant
947 2815 1101 2898 predicte
1115 2816 1247 2880 ecclesie

243 2929 407 3008 tenendas,
422 2928 534 2994 liberas
550 2932 582 2991 et
597 2924 755 2990 absolutas
770 2926 809 2990 ab
825 2925 911 2989 omui
925 2928 1053 2992 servitio
1069 2928 1200 2993 militari
1214 2936 1247 2995 et

244 3040 415 3118 exactione,
445 3044 557 3125 praeter
586 3060 751 3102 commuue
776 3037 905 3122 geldum
928 3039 1029 3103 totius
1058 3042 1246 3120 comitatum

243 3152 291 3214 ita
306 3159 414 3215 tumen
429 3151 456 3213 si
470 3150 537 3214 ariae
558 3153 649 3212 terrae
663 3170 739 3212 meae
754 3154 830 3212 sunt
850 3148 972 3234 quietae,
988 3156 1021 3214 et
1036 3150 1090 3215 illa
1104 3151 1248 3217 similiter

244 3263 287 3327 nit
324 3261 439 3346 quicto.
489 3261 538 3323 De
574 3259 666 3323 bosco
704 3265 811 3323 autem
847 3261 944 3344 quod¹
975 3261 1129 3345 praedictae
1157 3269 1247 3328 terrae

245 3374 379 3456 adjacet,
394 3394 465 3436 oum
489 3371 576 3434 fuero
599 3371 633 3433 in
658 3370 818 3454 provincia
843 3370 908 3451 illa,
934 3373 1051 3437 retineo
1077 3375 1116 3438 cd
1139 3373 1246 3438 focum

245 3506 348 3548 coram
364 3505 414 3546 me
428 3481 606 3546 faciendum
621 3485 654 3544 et
669 3480 708 3543 ed
723 3479 890 3563 coquinam
905 3503 1018 3561 meam,
1033 3488 1065 3547 et
1085 3484 1191 3568 virgas
1214 3495 1247 3549 et

245 3595 331 3681 palus
347 3593 386 3657 ad
401 3592 500 3657 fuldos
515 3597 547 3655 ct
561 3614 647 3675 sepes
660 3591 740 3655 circu
762 3591 882 3655 curiam
906 3615 1008 3657 meam
1033 3593 1200 3677 faciendas,
1216 3603 1249 3660 et

245 3705 368 3770 arbores
382 3704 422 3768 ad
437 3702 615 3767 molendina
631 3724 700 3765 mea
721 3703 760 3766 de
776 3702 983 3784 Ledecumba,
998 3706 1025 3768 si
1039 3706 1074 3770 in
1087 3706 1179 3772 bosco
1194 3707 1248 3771 illo

246 3816 381 3881 inveniri
417 3818 579 3900 poterunt.
626 3813 720 3878 Quod
755 3818 862 3877 totum
892 3816 1033 3900 capietur
1061 3841 1115 3903 per
1144 3819 1249 3884 visum

246 3926 400 3992 forestarii
417 3925 650 4002 monachorum,
667 3929 699 3988 et
725 3924 808 3988 sicut
823 3925 971 4004 docuerit,
987 3933 1020 3992 et
1035 3929 1120 4013 porci
1135 3934 1196 3994 mei
1211 3931 1249 3994 de
1300 3963 1303 3968 ·

248 4036 446 4104 Iredecumbn
469 4036 507 4100 de
532 4034 672 4099 dominio
687 4034 787 4119 quieti
801 4035 867 4099 sint
886 4036 925 4101 dc
939 4040 1101 4124 pasnagio,
1116 4064 1249 4125 praesen-

246 4149 333 4215 tibus
361 4148 497 4214 testibus
526 4146 730 4231 subscriptis:
754 4147 834 4211 Toto
864 4155 1031 4215 conventu.
1077 4151 1126 4216 De
1151 4152 1248 4229 laicis,

704 4334 797 4398 ¹qui?
