3000 4972
648 576 789 621 mennon
811 579 834 620 1.
1181 561 1243 623 2823

243 749 300 791 nee
323 726 389 790 sine
410 727 529 810 judicio
550 728 634 793 eurie
657 752 745 812 posse
767 728 941 794 dissaisiare
966 728 1079 794 liberos
1101 729 1246 794 homines

243 861 315 901 suos
329 837 368 901 de
383 836 473 901 terris
488 837 538 902 vel
561 838 733 903 redditibus
756 840 829 915 suis,
846 862 923 924 quos
945 862 999 923 per
1022 841 1125 925 plures
1147 863 1246 904 annos

243 955 421 1027 tennerunt,
438 948 504 1013 sive
521 950 617 1033 just-e,
633 951 699 1016 sive
722 951 859 1035 injuste:
883 950 1008 1034 quodsi
1023 950 1146 1028 faceret,
1162 949 1244 1014 diee-

242 1058 299 1122 bat
313 1081 345 1122 se
360 1058 466 1122 endere
488 1059 521 1122 in
545 1060 788 1125 misericordiam
810 1060 893 1144 regis
918 1084 973 1143 per
992 1059 1121 1124 assisam
1143 1059 1244 1143 regni.

244 1168 422 1249 Burgenses
436 1191 522 1252 ergo,
533 1168 677 1233 ineuntes
686 1169 862 1246 eonsilium,
875 1168 1060 1254 optulerunt
1075 1170 1245 1234 eonventui

243 1277 400 1341 redditum
413 1277 450 1340 C.
462 1278 632 1342 solidorum
642 1303 697 1362 pro
708 1279 790 1343 bono
800 1279 895 1363 pateis,
906 1291 939 1343 et
948 1286 986 1342 ut
1000 1287 1144 1343 tenerent·
1159 1286 1244 1344 tene·

244 1391 351 1449 mento
361 1409 427 1463 sua,
439 1386 521 1451 sieut
531 1386 679 1452 solebant.
725 1389 794 1453 Nos
804 1412 875 1452 vero
887 1389 945 1452 hoe
960 1387 1120 1452 noluimus
1136 1410 1244 1453 eones·

244 1496 493 1573 de1·e,molentes
518 1521 632 1581 ponere
655 1499 809 1583 loquelam
830 1498 862 1562 in
886 1505 1071 1583 respectum,
1086 1504 1245 1582 sperantes

243 1606 386 1685 forsitan,
401 1615 540 1690 tempore
555 1608 684 1674 ulterius
699 1610 833 1691 abbatis,
849 1609 897 1695 rel
925 1609 1031 1674 omnia
1057 1631 1245 1692 recuperare,

245 1717 293 1781 vel
312 1716 415 1780 loeum
430 1718 642 1783 nundinarum
667 1729 808 1798 mutarn
841 1720 935 1785 etita
951 1742 999 1783 res
1022 1719 1105 1803 cepit
1119 1719 1244 1784 dilacio-

245 1850 316 1891 nem
332 1827 503 1910 perplures
519 1852 628 1895 annos.

382 2412 481 2495 [Casa
504 2433 543 2477 oa
567 2416 699 2478 Grnaan
721 2434 761 2478 or
777 2415 938 2478 Carsvrnn.
987 2413 1115 2496 1193.]¹

247 2563 313 2627 [The
333 2563 475 2612 defendant
498 2566 521 2613 is
543 2566 669 2628 appealed
692 2568 719 2615 in
742 2582 758 2615 a
780 2565 879 2614 oounoil
900 2565 929 2613 ol
948 2566 993 2613 the
1015 2566 1078 2626 king
1097 2563 1126 2612 of
1143 2564 1247 2612 vmious

311 2645 437 2702 offenoeu
454 2661 502 2692 one
513 2646 608 2709 charge
620 2648 698 2709 being
709 2648 739 2695 ol'
747 2652 851 2695 trsasou
865 2652 892 2694 to
904 2648 949 2694 the
967 2645 1031 2708 king
1050 2647 1074 2692 ln
1093 2646 1208 2706 refusing
1219 2650 1247 2692 to

311 2726 377 2787 obey
396 2740 412 2772 a
431 2741 563 2774 summons
583 2727 612 2774 of
634 2728 679 2775 the
696 2728 782 2789 king’s
798 2728 933 2790 justiciore
953 2726 993 2774 for
1011 2726 1142 2787 reoeiving
1161 2725 1246 2774 stolen

310 2805 399 2867 goods.
433 2806 487 2853 The
497 2806 639 2855 defendant
650 2823 765 2857 answers
777 2809 835 2856 thot
847 2809 880 2856 he
890 2808 914 2855 is
925 2807 970 2855 the
981 2822 1042 2854 mun
1059 2806 1089 2853 οἰ
1102 2805 1156 2853 enrl
1168 2805 1246 2863 John,

311 2882 362 2929 and
373 2883 397 2929 is
408 2883 508 2944 willing
520 2888 547 2931 to
558 2884 591 2931 be
602 2884 670 2932 tried
682 2885 710 2932 in
721 2884 767 2933 the
778 2885 879 2932 latter's
890 2888 973 2932 court.
1007 2883 1062 2930 The
1073 2882 1246 2931 defendentis

311 2960 366 3006 also
388 2959 514 3021 appealed
537 2960 567 3008 of
589 2961 745 3023 supporting
766 2960 820 3009 earl
844 2961 920 3008 John.
955 2959 995 3008 He
1021 2959 1111 3008 denies
1138 2959 1174 3007 all
1202 2959 1248 3007 the

311 3036 437 3098 charges3
460 3036 502 3084 his
526 3038 655 3099 appellere
679 3039 739 3100 give
755 3037 861 3099 pledges
879 3037 918 3085 for
933 3037 1102 3100 proseeuting
1118 3036 1186 3085 their
1203 3051 1247 3098 ap-

312 3113 385 3176 peals
392 3135 399 3172 ς
417 3113 468 3161 and
480 3114 525 3162 the
536 3114 676 3163 defendant
687 3115 760 3178 gives
772 3114 878 3177 pledges
894 3114 936 3161 for
947 3114 1087 3177 desending
1098 3113 1206 3163 himself
1213 3115 1248 3177 by

312 3207 361 3240 one
372 3192 401 3239 ol
409 3192 450 3239 his
462 3190 544 3255 mem]
1090 3224 1095 3236 .

249 3308 402 3370 SECUNDA
427 3305 478 3369 die
502 3305 617 3369 mensis
641 3305 761 3390 Aprilis
784 3305 954 3369 eelebmvit
981 3308 1049 3387 [rex
1081 3306 1248 3389 Ricardus]

247 3418 329 3481 diem
346 3424 492 3501 quartum
507 3423 540 3480 et
554 3416 703 3480 ultimum
719 3416 841 3480 coneilii
853 3416 920 3494 sui3
947 3416 977 3478 in
995 3439 1056 3500 quo
1071 3439 1179 3481 omnes
1194 3417 1249 3501 qui

247 3529 395 3593 volebant
417 3527 564 3612 conqueri
580 3528 619 3592 de
637 3528 865 3612 archiepiscopo
884 3527 1082 3606 Eboraeensi‚
1109 3529 1251 3592 fecerunt

246 3640 455 3724 querimonias
479 3639 606 3705 multas.
639 3689 646 3704 .
681 3690 689 3705 .
723 3689 731 3705 .
763 3640 886 3704 Deinde
913 3639 1065 3703 Girardus
1091 3640 1129 3704 de
1153 3640 1248 3704 Cam·

248 3750 323 3813 villa
338 3749 400 3813 fnit
414 3748 530 3814 relatus
545 3750 582 3814 de
598 3750 772 3834 receptione
787 3751 979 3834 praedonum,
1001 3750 1054 3833 qui
1078 3757 1252 3834 rapuerunt

247 3862 329 3924 bona
345 3867 549 3923 mercatorum
566 3861 708 3924 euntium
725 3861 764 3924 ad
788 3860 944 3923 nundinas
968 3862 1006 3924 de
1024 3860 1193 3932 Stanford;

247 3970 286 4034 ub
311 3991 347 4034 eo
373 3975 568 4033 recesserunt
593 3969 633 4032 ad
657 3970 800 4052 rapinum
825 3970 912 4032 illam
938 3969 1126 4048 leniendam,
1152 3977 1184 4033 et
1211 3970 1251 4036 do

247 4080 357 4164 rapina
382 4079 437 4142 illa
462 4078 621 4143 redierunt
646 4078 685 4141 ad
710 4101 793 4142 eum.
839 4080 992 4143 Praeterea
1014 4077 1236 4162 appellaverim

330 4231 338 4263 ¹
356 4232 457 4288 Madox,
469 4233 539 4281 nist.
552 4232 632 4281 Exoh.
646 4232 677 4280 16
684 4253 691 4290 ;
709 4230 800 4293 3Bog.
812 4231 844 4279 do
856 4230 923 4280 Hor.
934 4232 982 4279 242
995 4228 1067 4294 (Rso.
1080 4232 1142 4280 Gom
