3000 4972
679 552 790 597 aanor
813 554 835 599 1.
1188 537 1247 598 105

244 701 341 765 frater
356 704 425 786 ejus
442 704 599 768 Robertus
616 705 704 769 heres
719 705 768 769 illi
784 706 886 770 factus
908 713 957 770 est
979 729 1107 769 suarum
1131 728 1248 769 rerum.

247 812 313 877 Qui
344 820 485 897 tempore
518 815 793 900 Quadragesimali
827 816 1071 880 Abbeudoniam
1108 816 1247 895 veniens,

244 931 401 1006 regnante
416 931 494 989 tunc
512 926 650 990 Heurico
665 949 750 1010 rege,
765 934 798 990 et
813 927 929 991 domno
946 927 1068 991 Faritio
1091 927 1248 991 existente

243 1034 367 1109 abbate,
383 1036 530 1120 promisit
545 1058 652 1100 coram
668 1036 780 1101 multis
802 1037 939 1102 testibus
961 1037 1002 1102 ab
1024 1037 1080 1103 ille
1102 1037 1248 1123 deinceps
1329 1116 1332 1122 .

244 1167 276 1208 se
291 1145 488 1210 redditurum
503 1147 685 1230 pradictum
700 1147 887 1231 pactionem.

498 1308 564 1371 [The
576 1309 634 1357 writ
645 1313 674 1358 to
684 1310 781 1358 Robert
792 1310 843 1358 and
856 1309 995 1375 Adelelm]

288 1437 444 1521 Rogerus,
467 1439 631 1521 episcopus
655 1439 849 1517 saresberiae,
867 1439 1032 1504 Adelelmo
1052 1441 1091 1505 de
1108 1441 1245 1524 Kinges-

244 1555 321 1611 tuna
344 1552 376 1611 et
400 1548 537 1612 Roberto
553 1548 591 1612 de
608 1548 784 1632 Baohepuz,
801 1548 945 1613 salutem.
992 1549 1141 1634 Praeoipio
1157 1549 1246 1614 vobis

243 1658 329 1742 quod
351 1658 489 1723 reddatis
505 1658 640 1723 ecclesiae
663 1659 702 1723 de
724 1659 923 1724 Abbeudona
938 1660 1152 1740 rectitudineS,
1169 1684 1247 1746 quas

243 1766 291 1832 illi
324 1768 446 1834 debetis
469 1768 507 1834 de
539 1769 667 1834 ecclesia
691 1776 795 1835 vestra
816 1771 854 1836 de
878 1769 1072 1854 Kiugstuna,
1117 1773 1162 1835 Et
1183 1772 1247 1836 nisi

243 1880 389 1959 feceritis,
413 1880 551 1945 Ilbertus
583 1880 718 1945 decanus
749 1880 918 1945 interdicat
940 1880 1085 1946 divinum
1108 1882 1245 1948 officium

242 1991 326 2074 apud
343 1990 554 2076 Kiugestuna.
600 1991 694 2077 Apud
711 1991 1040 2058 westmonasterium.

265 2561 418 2642 [Cunncu
434 2578 473 2622 or
491 2560 541 2623 Sr.
559 2558 663 2622 Maur
678 2578 717 2622 or
734 2560 921 2621 Anrnonon.
968 2559 1084 2620 Anouu
1101 2556 1224 2636 1110.]ยน

245 2720 312 2786 [The
323 2720 409 2784 king's
420 2720 480 2769 writ
492 2719 640 2781 forbidding
656 2719 692 2767 all
709 2733 816 2781 persons
833 2717 902 2765 from
921 2717 1071 2778 disturbing
1085 2716 1131 2766 the
1149 2714 1247 2766 church

419 2798 450 2847 of
464 2798 504 2846 St.
515 2797 590 2861 Many
601 2797 629 2845 in
639 2796 755 2858 carriage
767 2796 801 2859 by
813 2795 875 2843 land
885 2809 915 2843 or
926 2795 962 2857 by
972 2792 1077 2857 waton]

245 2925 432 3000 Hammone,
454 2946 508 2987 rex
524 2923 660 3007 Angliae,
676 2921 846 2987 baronibus
872 2920 947 2998 snio,
963 2926 996 2983 et
1011 2918 1246 2984 vicecomitibus

243 3040 276 3098 et
290 3033 447 3098 ministris
462 3033 537 3111 suis,
554 3033 698 3096 salutem.
738 3031 893 3096 Prohibeo
909 3052 949 3095 ne
960 3030 1075 3114 aliquis
1089 3029 1247 3101 disturbet

244 3145 308 3209 ullo
332 3145 424 3208 modo
448 3144 598 3209 carreiam
624 3144 750 3206 Sanctae
775 3141 887 3206 Mariae
911 3141 949 3205 de
965 3140 1172 3218 Abbendoua,
1189 3161 1246 3205 neo

242 3255 362 3340 aliquid
390 3254 475 3319 aliud
499 3255 583 3339 quod
606 3254 649 3318 sit
672 3253 868 3318 dominicum
892 3250 1027 3331 abbatis,
1051 3251 1101 3316 vel
1136 3274 1246 3316 mona-

242 3367 372 3430 chorum
399 3367 478 3450 ejus,
494 3365 544 3430 vel
568 3387 624 3448 per
648 3372 775 3442 terram,
791 3364 840 3428 vel
855 3386 911 3447 per
928 3385 1043 3448 aquam
1067 3362 1225 3427 disturbet
1235 3390 1245 3441 3

243 3478 296 3543 sed
319 3477 353 3541 in
380 3499 455 3562 pace
481 3484 532 3541 eat
557 3483 590 3540 et
613 3477 721 3541 redeat
745 3475 937 3560 quicumque
963 3498 1029 3539 rem
1053 3497 1153 3554 suam,
1179 3474 1245 3539 sive

242 3589 363 3654 victum
374 3588 440 3653 sive
449 3586 574 3673 aliquod
587 3586 683 3665 aliud,
693 3585 776 3671 quod
788 3584 827 3648 ad
840 3608 918 3668 opus
930 3585 1065 3649 ecclesiae
1080 3585 1246 3669 pertineat,

242 3699 437 3764 conduxerit.
485 3700 578 3763 'Peste
608 3696 784 3761 Willielmo
811 3696 1015 3775 cancellari03
1049 3697 1133 3781 apud
1158 3696 1245 3760 Lun-

242 3811 377 3875 doniam.

473 4017 480 4049 ยน
499 4025 514 4071 2
527 4022 597 4073 Hist.
611 4022 680 4071 Mon.
693 4020 804 4084 Abingd.
816 4019 849 4070 78
867 4017 1040 4083 (Bcc.001u.).
