3000 4972
293 548 357 610 :314
703 565 876 612 sesannia.

292 735 416 771 hiarcam.
454 715 491 769 Et
510 717 537 769 in
559 717 641 771 Curia
658 719 739 788 Regis
761 718 919 790 dispendidi‚
945 719 972 772 in
991 719 1075 783 donis,
1093 721 1121 773 in
1137 738 1202 774 aare
1221 724 1249 774 et
1268 722 1296 775 in

291 804 401 870 argento
421 802 448 852 et
467 798 494 851 in
516 799 599 870 equis,
622 800 732 855 sedecim
755 819 856 855 marcas
877 806 905 855 et
923 801 1070 856 dimidiam.
1107 803 1143 857 lot
1164 804 1297 874 magistro

291 887 370 941 Petro
382 885 415 939 de
427 885 583 940 Littleberia
594 886 653 941 dedi
665 888 845 958 quadraginta
862 887 967 943 solidos.
1003 889 1041 943 Et
1057 889 1086 943 iu
1098 890 1201 945 cacteris
1213 891 1297 962 placi-

292 973 422 1028 tatoribus
441 973 472 1027 de
491 973 582 1027 amicis
601 975 673 1037 meis,
686 975 730 1046 qui
750 976 784 1030 ad
802 975 900 1046 placita
913 995 972 1030 mea
989 976 1110 1031 solebant
1122 977 1221 1041 venire,
1241 978 1295 1033 dis-

290 1060 397 1131 pcndidi
428 1061 455 1114 in
484 1064 592 1131 argento
618 1065 646 1116 et
669 1062 697 1115 in
719 1062 793 1132 equis
817 1062 948 1117 donandis
973 1063 1112 1118 duodecim
1137 1083 1240 1119 marcas
1264 1070 1293 1120 et

289 1147 436 1202 dimidiam.

777 1439 818 1505 G.

293 1573 502 1629 JUDGMENT
520 1575 567 1630 01⁴¹
585 1574 754 1629 nahason
772 1575 872 1629 UPON
885 1575 911 1629 A
930 1575 1296 1634 vicaoflaucusuaoa

680 1678 733 1732 AN
735 1678 760 1731 Ι)
772 1678 905 1733 CLERK.

295 1815 544 1884 [Η1111111,801101
557 1815 716 1879 aasKrrrs,
729 1835 753 1869 c.
767 1816 864 1880 horu,
873 1816 1170 1872 v1ca-0nmcsmoa.
1186 1819 1277 1888 nra]

330 1936 400 2005 [The
413 1936 502 2007 king's
514 1955 561 1990 son
579 1937 684 2007 Henry,
702 1936 784 1990 called
798 1937 845 1990 the
856 1956 948 2009 young
960 1937 1035 2009 king,
1049 1938 1139 1992 makes
1153 1938 1253 1993 friends
1265 1943 1297 1993 at

293 2022 421 2077 Poietiers
433 2041 531 2093 among
549 2022 591 2076 his
608 2023 716 2077 father's
732 2024 857 2078 enemies.
892 2024 1060 2095 Whereupon
1073 2024 1118 2078 the
1136 2025 1206 2079 son’s
1226 2025 1297 2080 vioe-

293 2109 439 2164 chancellor
451 2110 540 2164 writes
551 2113 580 2163 to
592 2111 638 2164 the
650 2110 718 2181 king
728 2116 756 2165 to
766 2110 865 2164 inform
879 2110 935 2164 him
948 2111 978 2165 of
986 2111 1032 2165 the
1045 2111 1118 2165 facts.
1155 2111 1213 2165 But
1226 2112 1259 2167 he
1271 2112 1298 2167 is

294 2196 413 2251 detected
431 2197 484 2250 and
503 2197 626 2260 arrested,
645 2197 706 2261 and,
725 2217 741 2250 e
759 2202 834 2252 court
846 2197 928 2267 being
940 2197 1085 2252 assembled
1097 2197 1132 2267 by
1144 2197 1191 2253 the
1201 2217 1297 2270 young

292 2283 367 2352 king,
389 2284 423 2337 he
442 2283 465 2337 is
485 2282 645 2337 condemned
664 2288 693 2336 to
709 2283 797 2337 death.
836 2283 879 2337 lle
901 2284 923 2337 is
944 2284 1022 2338 saved
1043 2283 1079 2354 by
1091 2284 1137 2339 the
1155 2284 1250 2356 hishop
1268 2287 1302 2340 ol'

295 2365 423 2419 Poictiers
447 2385 476 2420 ae
500 2384 516 2418 a
539 2364 618 2429 clerk,
643 2365 694 2419 aud
719 2366 784 2419 then
808 2365 918 2420 ordered
945 2366 1046 2437 hythe
1069 2366 1189 2437 pleintiff
1209 2374 1239 2422 to
1263 2368 1298 2424 bo

294 2449 420 2520 soourged
441 2448 493 2503 and
514 2448 683 2518 imprisoned.
719 2449 776 2502 The
794 2448 861 2519 king
880 2449 969 2504 orders
990 2449 1191 2504 thedefendant
1209 2455 1238 2506 to
1262 2451 1296 2507 be

294 2542 354 2592 sent
366 2542 393 2592 to
406 2537 471 2602 him,
483 2537 535 2591 and
547 2536 668 2590 commite
681 2536 738 2590 him
750 2540 779 2590 to
792 2536 837 2590 the
849 2537 960 2607 custody
970 2536 1000 2591 of
1009 2537 1055 2592 the
1067 2537 1147 2592 abbot
1158 2538 1189 2593 of
1194 2538 1297 2610 Hyde]

330 2625 350 2678 J
352 2626 445 2680 uvenis
463 2630 552 2680 autern
575 2643 619 2678 rex
637 2643 697 2678 curn
716 2625 744 2677 in
763 2625 849 2678 reditu
869 2644 917 2678 suo
930 2624 1046 2679 venisset
1058 2643 1142 2695 usque
1154 2625 1298 2690 Pictavim,

295 2712 394 2766 milites
413 2712 553 2767 nonnullos
572 2712 604 2766 de
625 2712 737 2766 Francia
757 2716 784 2766 et
798 2711 972 2775 Normannie,
985 2730 1050 2782 quos
1068 2717 1143 2782 pater
1155 2732 1218 2767 suus
1236 2713 1298 2767 odio

295 2799 416 2862 habebat,
436 2819 483 2871 pro
503 2819 533 2854 co
552 2800 622 2871 quod
641 2818 702 2854 cum
720 2799 765 2854 illo
783 2803 860 2853 erant
878 2802 969 2853 contra
981 2818 1041 2852 cum
1054 2803 1171 2871 tempore
1183 2819 1297 2871 guerrae,

297 2887 409 2940 retinuit
431 2906 527 2951 seeum,
546 2893 573 2942 et
587 2888 729 2942 familiares
742 2907 802 2941 suos
816 2887 888 2941 fecit.
926 2886 1001 2954 Quod
1016 2905 1075 2940 cum
1088 2887 1175 2941 Adam
1187 2887 1297 2942 clericus

297 2975 406 3046 Rogerii
428 2974 600 3028 Eboracensis
621 2975 820 3045 archiepiscopo,
843 2974 887 3044 qni
910 2974 991 3027 vicem
1010 2973 1156 3028 cancellarii
1177 2975 1299 3029 incuria

292 3061 401 3131 juvenis
423 3061 492 3131 regis
511 3061 627 3131 gerebat,
647 3061 703 3115 loco
723 3061 845 3116 Gausridi
864 3061 1000 3132 praepositi
1019 3060 1162 3126 Beverlaci,
1175 3062 1209 3116 ad
1221 3062 1299 3133 cujus

296 3168 361 3219 opus
386 3149 527 3220 praedictus
551 3147 723 3201 Eboraccnsis
751 3148 960 3219 archiepiscopus
988 3147 1167 3202 cancellariam
1191 3149 1298 3220 Anglim

296 3241 398 3290 emerat
423 3235 483 3304 [pro
508 3233 642 3302 undecim]
668 3233 786 3287 millibus
811 3235 906 3289 marcis
929 3234 1042 3305 argenti,
1071 3234 1188 3299 vidisset,
1212 3234 1300 3290 doluit

296 3321 475 3376 vehementer.
513 3321 551 3374 Et
570 3319 641 3374 sicut
659 3319 774 3384 decebat,
786 3326 814 3375 et
833 3321 901 3375 sicut
918 3321 1021 3376 debitor
1039 3325 1096 3376 erat
1116 3321 1223 3376 domino
1241 3322 1299 3392 regi

297 3408 343 3478 qui
356 3427 416 3461 eum
429 3426 490 3460 curn
504 3406 618 3461 filiosuo
632 3411 763 3477 posuerat,
776 3407 818 3461 cui
832 3407 913 3462 etiam
925 3408 981 3479 ipse
993 3408 1148 3463 fidelitatem
1160 3409 1299 3480 juraverat

295 3497 388 3549 contra
400 3512 490 3548 omnes
503 3494 630 3556 homines,
641 3512 759 3564 personae
772 3512 826 3548 sum
839 3495 950 3549 dedecus
963 3500 990 3549 et
1001 3495 1077 3566 regni
1090 3495 1132 3548 sui
1144 3514 1297 3564 gravamen,

295 3581 366 3652 quod
387 3599 433 3651 per
445 3579 559 3633 advenas
571 3580 630 3632 illos
643 3584 733 3649 posset
744 3580 857 3644 evenire,
870 3581 1078 3651 praemeditarit;
1097 3581 1227 3638 sustinere
1245 3601 1298 3637 non

296 3668 385 3741 potuit
404 3687 452 3723 nec
471 3665 577 3731 debuit;
597 3666 642 3719 sed
663 3666 755 3719 statim
777 3673 882 3737 arrepto
900 3668 970 3733 stilo,
983 3668 1099 3739 capitula
1111 3669 1231 3740 quadam
1243 3674 1299 3724 tur-

296 3757 407 3828 pissima
431 3759 457 3810 ct
482 3753 575 3808 auditu
599 3753 730 3807 horrenda
750 3754 846 3824 scripto
865 3755 1066 3818 commendavit,
1085 3761 1113 3810 et
1137 3757 1238 3812 domini
1257 3756 1300 3811 sui

295 3849 396 3899 secreta
415 3843 523 3906 detexit,
545 3844 572 3895 et
592 3860 623 3895 ea
642 3840 749 3895 domino
772 3843 828 3913 regi
851 3843 878 3896 in
897 3842 1024 3914 Angliam
1037 3844 1143 3899 mittere
1155 3844 1300 3900 festinavit.

296 3934 347 3988 Sed
372 3939 514 4005 antequam
538 3931 714 3996 mitterentur,
741 3930 811 3984 mala
836 3950 884 3985 sua
902 3932 1005 3985 detecta
1023 3937 1087 3985 sunt
1105 3936 1131 3986 et
1150 3932 1255 4003 prolata
1272 3932 1300 3987 in

295 4028 436 4092 conspectu
450 4021 520 4091 regis
532 4019 633 4073 domini
647 4020 696 4073 sui.
736 4019 774 4074 Et
787 4019 844 4090 ipse
857 4019 884 4072 in
899 4019 984 4072 modio
996 4019 1093 4073 ductus
1111 4020 1244 4073 coufessus
1262 4025 1302 4075 est

296 4113 323 4162 ct
345 4127 396 4162 non
420 4108 535 4179 negavit.
572 4108 646 4161 Tunc
666 4127 711 4162 rex
724 4107 877 4162 convocatis
889 4106 1053 4177 principibus
1067 4107 1130 4171 suis,
1143 4106 1222 4160 simul
1241 4125 1301 4161 curu

618 4292 622 4322 ¹
645 4292 727 4345 Gesta
740 4291 810 4346 Hen.
825 4291 874 4354 ΙΙ.,
889 4292 946 4344 122.
