3000 4972
641 578 782 622 iaruman
807 578 843 622 11.
1202 558 1242 618 63

243 731 326 796 cives
357 730 589 796 Londonienses
620 736 652 795 et
681 731 827 794 abbatem
858 735 890 794 et
920 729 1064 793 homines
1100 729 1167 811 ejus
1206 728 1244 791 de

245 845 386 906 Stenore.
443 842 537 907 Cives
575 842 808 906 Londonienses
852 840 1100 905 vendicaverunt
1144 840 1244 905 domi-

243 952 332 1015 nium
350 952 431 1015 villae
445 951 484 1016 de
500 954 633 1016 Stonore
650 957 800 1036 tanquam
822 951 860 1014 de
884 951 979 1014 maris
1003 957 1096 1033 portu
1121 950 1246 1015 civitati

244 1063 457 1126 Londoniensi
471 1062 621 1145 subjectu.
668 1065 725 1127 Set
739 1084 813 1145 rege
828 1061 991 1125 Willelmo
1009 1062 1103 1125 lluffo
1119 1062 1246 1125 favente

242 1173 328 1257 parti
344 1172 477 1250 abbatis,
493 1172 720 1235 dirationatum
737 1177 786 1236 est
807 1172 841 1234 in
867 1172 975 1236 eadem
1001 1173 1078 1235 villa
1101 1196 1157 1256 per
1178 1173 1246 1255 jus·

244 1282 392 1361 ticiarios,
408 1282 492 1366 quod
509 1282 617 1345 nullus
638 1283 676 1346 de
700 1288 810 1346 caetero
836 1282 955 1367 aliquid
980 1283 1095 1347 clamet
1118 1283 1247 1362 ibidem,

244 1400 292 1457 set
307 1394 413 1478 Wydo
428 1393 524 1457 abbas
539 1401 572 1456 et
587 1417 661 1457 suus
676 1400 849 1458 conventus
864 1393 960 1458 libere
970 1401 1002 1459 et
1013 1394 1117 1478 quiete
1132 1401 1248 1458 terram

244 1503 332 1568 illam
347 1510 379 1568 et.
395 1509 500 1567 totum
517 1504 594 1567 litus
611 1527 708 1588 usque
723 1505 763 1567 ad
778 1505 978 1568 medietatem
1003 1527 1089 1589 aquae
1113 1506 1250 1569 habeant

245 1616 311 1679 sine
325 1614 506 1698 calumpnia
520 1614 636 1698 aliqua,
652 1622 685 1678 et
708 1614 791 1699 quod
814 1613 911 1678 abbas
936 1615 1046 1678 Sancti
1071 1616 1249 1699 Augustini

245 1726 340 1791 libere
356 1725 515 1809 possideat
530 1747 638 1789 omnes
654 1724 858 1789 rectitudines
884 1730 917 1788 et
942 1725 1183 1789 consuetudines
1209 1727 1250 1790 ad

246 1836 428 1922 praedictam
444 1835 552 1900 villam
579 1835 784 1919 pertinentes.
830 1836 875 1898 Et
899 1857 993 1918 super
1017 1836 1080 1900 isto
1105 1858 1249 1919 processu

246 1953 322 2010 sunt
351 1952 444 2010 cartae
473 1945 613 2029 duplices
642 1944 783 2028 praedicti
810 1943 904 2027 regis.
966 1944 1142 2008 Recordum
1184 1946 1251 2010 sive

246 2056 479 2120 diratiocinium
506 2056 691 2139 praedictum
705 2054 895 2119 confirmant
919 2054 1066 2118 videlicet
1093 2056 1250 2120 Henricus

247 2191 302 2231 rex
332 2166 463 2251 primus,
488 2166 680 2250 Stephanus,
705 2165 866 2229 lohannes
890 2171 923 2228 et
950 2165 1110 2229 chricus
1137 2166 1253 2230 tercius

247 2301 337 2363 reges
353 2277 479 2360 Angliae
494 2276 688 2360 temporibus
703 2276 768 2340 suis
780 2274 860 2339 illud
875 2275 958 2340 idem
975 2276 1070 2340 cartis
1092 2275 1157 2341 suis
1179 2300 1253 2341 con-

247 2391 464 2454 firmaverunt.

312 2558 379 2622 [The
391 2558 521 2621 following
532 2573 576 2607 aro
588 2558 633 2607 the
645 2563 697 2608 two
708 2558 826 2609 oharters
837 2559 868 2608 of
880 2560 945 2611 Wm.
961 2561 998 2610 11.
1010 2561 1125 2611 referred
1137 2561 1186 2627 to]

292 2684 495 2760 Willelmus,¹
512 2684 572 2748 Dei
595 2685 699 2765 gratia
714 2706 769 2748 rex
792 2685 985 2767 Anglorum,
1001 2687 1252 2773 archiepiscopio,

249 2795 428 2874 abbatibus
439 2795 620 2872 comitibus,
632 2794 880 2872 vicecomitibus,
895 2802 929 2860 et
942 2797 1090 2860 omnibus
1107 2798 1253 2862 fidelibus

249 2908 348 2971 totius
370 2907 509 2988 Angliae,
533 2905 676 2968 salutem.
724 2904 838 2967 Sciatis
868 2905 941 2989 quia
962 2907 1034 2970 volo
1056 2911 1089 2970 et
1111 2908 1255 2992 praecipio

250 3040 342 3102 super
356 3016 529 3081 amicitiam
545 3038 659 3094 meam,
676 3022 713 3079 ut
727 3015 834 3078 nullus
846 3017 966 3080 amodo
978 3016 1095 3101 aliquid
1109 3020 1256 3084 reclamet

250 3129 283 3193 in
299 3130 481 3207 EstanoreS,
497 3128 550 3191 sed
566 3127 672 3212 Wydo
687 3127 784 3191 abbas
804 3127 842 3191 de
868 3130 984 3192 Sancto
1010 3129 1196 3212 Augustino
1222 3136 1256 3194 et

252 3238 365 3302 fratres
391 3238 450 3301 loci
477 3237 616 3320 ejusdem
644 3237 741 3301 libere'
768 3245 801 3301 et
830 3238 935 3322 quiete
960 3245 1076 3303 terram
1105 3241 1193 3304 illum
1223 3249 1256 3306 et

251 3356 356 3413 totum
379 3350 471 3413 littus
494 3349 649 3432 usquein
671 3348 874 3413 medictatem
898 3373 985 3434 aqum
1017 3351 1165 3431 habeant,
1188 3352 1256 3417 sine

250 3458 428 3537 calumnia3
452 3459 528 3543 quia
542 3459 588 3522 ita
599 3458 828 3522 dirationatum
851 3465 899 3523 est
914 3460 997 3524 inter
1011 3461 1154 3526 homines
1170 3486 1255 3527 meos

250 3570 289 3635 de
313 3571 479 3634 Londonia
498 3577 532 3634 et
553 3570 695 3634 homines
710 3569 833 3634 abbatis
848 3570 881 3633 in
896 3576 1037 3655 tempore
1053 3595 1133 3650 meo,
1149 3596 1255 3638 coram

246 3681 376 3765 justicia
399 3704 468 3745 mea
489 3682 573 3764 apud
595 3682 774 3745 Estanores.
820 3681 966 3746 Testibus
989 3682 1151 3747 Willelmo
1175 3685 1255 3769 epis-

250 3816 327 3877 copo
342 3794 380 3857 de
396 3791 575 3876 Ampelino,
591 3798 622 3856 et
639 3792 764 3875 Rogero
785 3791 892 3876 uigor,
909 3793 993 3876 apud
1008 3793 1212 3877 Wyndesore.

292 3977 490 4042 Willelmus²
516 3999 570 4041 rex
604 3976 782 4059 Anglorum
809 3978 854 4041 H.
884 3977 1033 4062 dapifero,
1054 3985 1089 4042 et
1110 3980 1256 4043 omnibus

251 4089 422 4154 baronibus
436 4088 474 4153 de
495 4088 594 4165 Kent,
619 4088 746 4151 Francis
761 4094 794 4151 et
809 4089 935 4171 Anglis,
951 4087 1094 4153 salutem.
1142 4090 1256 4154 Sciatis

319 4287 415 4338 suist.
428 4289 497 4337 Mon.
510 4288 550 4336 St.
561 4287 629 4349 Aug.
641 4287 690 4336 355
703 4286 774 4350 (Rau.
787 4285 879 4345 Com).
1053 4286 1064 4317 ²
1081 4286 1120 4334 Ib.
1133 4288 1190 4336 356.
