3000 4972
302 528 367 590 204
550 546 683 591 merra
706 546 1053 592 auaro-roarrararca.

302 703 335 763 et
349 720 451 761 comes
466 697 669 781 Andagaviae‚
686 699 819 763 Ricardo
833 699 872 762 de
888 698 1013 777 Lucei0,
1029 705 1061 763 et
1082 698 1252 763 forestariis
1266 699 1305 764 de

304 808 528 887 Windresores,
558 809 701 875 salutem.
762 808 909 894 Praecipio
940 810 1022 894 quod
1051 809 1118 873 sine
1155 809 1304 874 dilatione

301 917 426 982 faciatis
447 919 636 1002 recognosci,
658 943 713 1004 per
741 926 933 983 sacramenta
960 918 1110 1004 legalium
1141 919 1304 983 hominum

303 1028 341 1092 de
363 1029 534 1106 hundredo,
557 1036 635 1114 quot
655 1053 762 1114 porcos
779 1029 899 1114 quietas
920 1030 959 1094 de
980 1030 1133 1114 pasnagio
1148 1029 1243 1094 abbas
1266 1030 1305 1094 de

302 1137 511 1203 Abbendonia
526 1140 645 1205 solebat
670 1139 782 1206 habere
806 1141 839 1204 in
854 1141 971 1205 foresta
985 1163 1064 1219 mea,
1080 1164 1148 1226 qua
1164 1141 1302 1225 Kinges·

301 1249 364 1314 frid
386 1257 524 1337 vocatur,
547 1257 685 1336 tempore
707 1252 791 1336 regis
814 1251 954 1330 Henrici,
970 1251 1021 1315 avi
1043 1252 1115 1316 mei.
1159 1253 1204 1315 Et
1222 1251 1304 1315 sicut

301 1361 498 1445 recognitum
513 1363 617 1439 fuerit,
631 1363 677 1426 ita
688 1362 893 1427 Uualehelino
909 1361 1016 1426 abbati
1030 1363 1069 1426 de
1085 1360 1303 1440 Abbendonia‚

301 1478 334 1537 et
348 1471 509 1537 monachis
518 1471 634 1537 ibidem
644 1473 712 1538 Deo
724 1473 939 1552 servientibus,
951 1473 1036 1556 juste
1046 1472 1158 1537 habere
1169 1471 1303 1536 faciatis.

301 1583 393 1647 Testa
409 1583 557 1648 Mansero
574 1583 672 1662 Biset,
684 1585 842 1668 dapifer0;
866 1585 949 1668 apud
964 1584 1211 1668 Rothomagirm.

346 1695 523 1758 Secundum
540 1695 645 1781 itaque
659 1703 848 1779 praeeeptum'
862 1695 955 1780 regia,
965 1719 1020 1779 per
1033 1693 1150 1778 legales
1161 1693 1303 1758 homines

301 1803 339 1867 de
350 1804 521 1884 hundredo,
537 1814 729 1871 sacramento
745 1806 941 1891 recognitum
956 1812 1003 1870 est
1017 1804 1164 1869 abbatem
1174 1803 1303 1868 Abben·

301 1913 401 1977 doniae
428 1914 462 1978 in
490 1915 607 1981 foresta
633 1916 817 2002 Kingesfrid
843 1916 937 1982 CCC.
962 1939 1070 2001 porcos
1095 1915 1206 1980 habere
1235 1914 1302 1979 sine

300 2023 452 2108 pasnagio
481 2026 657 2111 antiquitus
686 2026 792 2107 solere,
821 2031 854 2091 et
883 2024 967 2109 regis
997 2025 1128 2090 Henriei
1163 2031 1302 2109 tempore

300 2132 455 2199 habuisse.
499 2136 592 2201 Quod
607 2144 640 2202 ei
654 2137 700 2201 ita
714 2137 893 2202 Walkelino
907 2135 1016 2201 abbati
1031 2142 1063 2201 et
1077 2134 1301 2201 suecessoribus

300 2243 364 2307 suis
379 2268 416 2309 ex
431 2245 515 2330 regis
525 2247 616 2330 jussu
631 2271 809 2312 eoncessum
825 2255 857 2312 at
871 2248 1090 2312 confirmatum
1104 2253 1161 2311 est.

495 2793 633 2877 [Morxs
655 2812 695 2857 or
716 2794 905 2859 Aarranor.
953 2794 1093 2877 1158?]¹

300 2952 368 3018 [Tha
378 2953 465 3017 king’a
476 2955 536 3004 writ
546 2954 698 3018 exempting
708 2956 753 3003 the
763 2955 855 3003 monka
874 2954 904 3003 of
911 2955 1051 3019 Abiugdon
1069 2954 1099 3004 of
1112 2955 1168 3014 toll,
1180 2968 1298 3017 passage,

699 3033 751 3082 and
762 3030 900 3097 customa]

300 3169 483 3249 HamucUS,
497 3193 552 3235 rex
565 3169 701 3253 Angliae,
717 3176 750 3234 et
764 3169 830 3233 dux
844 3169 1050 3233 Normanniae
1061 3176 1093 3234 et
1108 3168 1297 3254 Aquitania,

298 3285 331 3343 et
345 3302 447 3343 eomas
463 3279 666 3363 Andagaviae,
684 3279 831 3363 justiciis,
847 3279 1092 3359 vicecomitibus,
1107 3286 1139 3345 et
1153 3279 1298 3344 omnibus

298 3387 450 3453 ministris
465 3389 529 3453 suis
544 3389 679 3474 Angliae,
695 3390 837 3455 salutem.
883 3391 1031 3475 Praecipio
1042 3392 1124 3475 quod
1134 3413 1240 3455 omnes
1251 3413 1298 3455 res

298 3500 520 3563 monachorum
541 3499 580 3564 de
604 3500 823 3580 Abbendonia,
848 3524 925 3585 quas
954 3501 1096 3566 homines
1119 3500 1168 3565 sui
1189 3501 1296 3565 affida-

298 3609 401 3673 verint
423 3632 493 3673 suas
515 3633 580 3674 esse
601 3610 750 3695 proprias,
766 3611 806 3675 ad
820 3611 940 3675 victum
962 3618 995 3676 et
1013 3612 1165 3676 vestitum
1181 3633 1297 3689 eorum,

296 3718 362 3783 sint
371 3720 483 3804 quietae
494 3720 532 3784 de
543 3719 697 3799 tholoneo,
707 3728 739 3785 et
749 3721 903 3805 passagio,
914 3728 946 3786 et
959 3722 1046 3786 omni
1057 3721 1297 3798 eonsuetudine5

297 3837 330 3895 at
358 3830 463 3895 nullus
487 3853 538 3895 eos
568 3829 683 3914 injuste
712 3830 785 3895 inde
814 3830 980 3911 disturbet,
1010 3856 1103 3917 super
1131 3833 1172 3896 X.
1203 3830 1298 3895 libras

296 3941 510 4008 forisfactura.
547 3941 638 4005 'Peste
654 3940 813 4006 Willelmo
828 3941 892 4005 filio
908 3944 929 4006 J
931 3942 1063 4006 ohannis
1072 3969 1081 4022 ;
1105 3942 1188 4026 apud
1200 3941 1297 4006 Wde·

296 4057 424 4119 stoaam.

511 4247 519 4278 ¹
537 4249 553 4296 2
566 4247 634 4296 nint.
647 4248 716 4297 Mon.
728 4246 841 4310 Abingd.
853 4249 902 4296 224
916 4247 985 4310 (Rae.
999 4245 1090 4309 Gom).
