3000 4972
244 551 306 611 296
651 565 821 610 aerumna.

507 717 652 785 [Eanum.
672 717 814 771 Baornaa
834 732 870 770 or
888 716 973 786 Ona]

276 811 384 866 AEldred
403 812 486 866 frater
507 812 564 866 Ode
583 812 781 883 calumpniatur
799 831 879 865 unam
900 812 1033 883 virgatam
1053 817 1130 867 terrac
1149 812 1183 866 de
1201 813 1253 867 hoc

242 899 360 954 manerio
373 900 532 968 [Cuntuue]‚
546 903 573 953 et
585 899 650 953 dicit
662 919 689 953 se
702 919 759 954 eam
772 900 888 953 tenuisse
907 899 949 952 die
967 918 1019 970 qua
1036 918 1081 953 rex
1101 899 1253 954 Edwardua

241 986 295 1040 fuit
314 986 391 1040 rivus
412 992 439 1040 et
456 994 586 1050 mortuus,
606 991 632 1041 et
654 987 789 1040 disaisitus
811 987 864 1040 suit
881 992 1020 1058 parquam
1040 1007 1084 1040 rex
1098 987 1252 1041 Willelmua

243 1095 314 1130 mare
335 1076 449 1137 transiit,
470 1075 571 1146 etipse
591 1075 764 1130 dirationavit
783 1094 871 1129 coram
891 1076 991 1146 regina.
1029 1076 1096 1130 lude
1116 1078 1251 1130 asttestis

243 1164 300 1235 ejus
314 1163 398 1234 Hugo
411 1165 442 1217 de
457 1164 521 1216 Part
533 1170 560 1217 et
572 1163 693 1216 homines
705 1163 737 1216 de
749 1169 806 1217 tato
819 1163 947 1217 hundred.
985 1162 1025 1217 lb.
1038 1167 1073 1217 48
1085 1163 1111 1216 b.

591 1444 748 1512 [Wramau
768 1460 804 1497 or
823 1443 898 1511 Oua]

280 1551 358 1605 Hauc
382 1550 472 1604 hidam
499 1551 540 1619 [in
567 1550 688 1622 Farlege]
720 1550 916 1620 calumpniatur
940 1549 1106 1604 Williehuus
1131 1549 1164 1603 de
1191 1551 1249 1612 Ow,

244 1639 334 1693 diceus
346 1658 404 1692 eam
419 1639 550 1709 pertinere
562 1638 595 1693 ad
608 1657 686 1692 suum
699 1637 855 1692 manerium.
885 1637 935 1691 Sed
949 1636 1068 1691 homiues
1081 1635 1113 1691 da
1127 1636 1251 1691 hundred

244 1745 297 1780 non
319 1731 455 1780 testantur
473 1726 542 1796 quod
565 1726 662 1780 habere
681 1725 783 1787 debeat,
804 1725 848 1778 sed
867 1728 1076 1794 prracoeupatam
1095 1743 1151 1779 ease
1169 1743 1252 1795 super

246 1832 344 1884 regern.
382 1814 422 1867 lh.

582 2008 657 2076 [Ono
678 2028 700 2060 υ.
720 2008 904 2076 Gaorruar]

280 2117 360 2170 Hanc
373 2116 462 2169 hidam
478 2117 518 2185 [in
533 2117 720 2186 Basiugestac]
734 2115 930 2185 calumpniatur
941 2114 998 2169 Odo
1011 2114 1042 2167 de
1055 2114 1150 2177 Winc.,
1159 2113 1252 2168 dicens

248 2223 276 2257 ae
289 2203 362 2256 illam
377 2203 500 2256 habuisse
513 2203 540 2256 in
554 2203 706 2256 vadimonio
714 2222 761 2272 pro
770 2203 801 2256 X.
813 2202 886 2255 libris
896 2202 928 2256 dc
938 2201 995 2255 Alai
1004 2201 1252 2273 coarcereioneregia

246 2290 382 2349 Willelmi.
391 2295 418 2343 et
430 2289 488 2343 ideo
501 2290 600 2359 injuste
613 2310 670 2343 eum
684 2289 779 2359 perdit.
807 2290 959 2343 Gnissi-idus
973 2309 1034 2343 vero
1047 2295 1121 2344 tenet
1133 2289 1165 2344 de
1178 2308 1252 2360 rege,

243 2397 291 2448 pru
304 2377 411 2431 servitiu
424 2377 494 2447 quod
507 2376 569 2430 iacit
584 2376 712 2430 hluthildi
725 2377 783 2447 ejue
796 2376 865 2432 filiae.
903 2377 944 2431 Ib.
958 2380 1001 2431 49.

560 2643 639 2711 [Tua
660 2642 765 2696 K1ua'a
784 2641 940 2711 Ormoita]

285 2756 325 2810 Dc
355 2756 403 2809 hoc
434 2755 551 2809 maneria
582 2753 730 2823 [Acangre]
762 2753 960 2823 calumpniatur
990 2753 1149 2823 praepositus
1179 2752 1251 2824 regis

247 2843 386 2896 dimidiam
406 2842 497 2896 hidam
520 2843 553 2895 ad
575 2847 713 2912 pasturam
735 2840 815 2895 boum
841 2840 920 2911 ragis.
958 2841 1031 2894 Scira
1056 2859 1116 2895 vero
1134 2845 1251 2895 testatur

248 2931 317 3001 quad
339 2950 391 2984 uon
412 2934 500 3000 puteat
522 2929 618 2984 habere
639 2934 776 3000 pasturam
799 2947 846 2982 nac
868 2928 1022 2999 pasnagium
1045 2928 1076 2982 de
1095 2927 1162 2982 silva
1180 2929 1251 2998 regis

248 3018 317 3072 sicut
329 3018 534 3088 calumpniatur,
547 3017 599 3071 nisi
612 3036 658 3088 pcr
671 3016 859 3071 vicecomitem.
898 3016 940 3069 lb.
954 3019 989 3071 49
1002 3015 1026 3069 b.

362 3318 461 3386 [Laura
479 3334 516 3371 or
534 3318 641 3371 Aavru.
679 3317 753 3370 Sura
772 3332 809 3371 oa
828 3317 945 3370 Lruaar
963 3333 999 3371 or
1018 3317 1144 3386 Surena]

287 3425 388 3478 Dicunt
408 3425 527 3478 homines
547 3425 579 3477 de
598 3424 729 3486 hundud,
748 3424 818 3494 quod
839 3443 976 3495 uunquam
994 3425 1120 3479 viderunt
1131 3425 1250 3496 sigillum

250 3511 293 3564 rel
315 3511 433 3582 legatum
455 3511 524 3580 regia
544 3511 590 3580 qui
609 3510 741 3564 mississet
760 3511 909 3564 Aluuiuum
929 3517 1120 3566 antecessorem
1133 3513 1191 3583 ejus
1204 3514 1249 3583 qui

249 3597 328 3651 mado
340 3603 411 3652 tenct
424 3599 455 3652 dc
469 3597 520 3650 isto
533 3597 649 3650 manerio
663 3596 822 3665 [Tederlec],
831 3602 857 3651 et
871 3598 922 3651 nisi
936 3616 981 3651 rex
996 3599 1159 3663 testificetur,
1170 3599 1251 3654 nichil

251 3684 332 3741 habet
344 3686 389 3740 ibi.
427 3685 467 3740 lb.
481 3687 524 3739 50.

507 3905 586 3974 [Tua
606 3904 689 3958 Krua
708 3923 731 3959 a.
753 3904 862 3957 Srwru.
900 3905 996 3975 Sana]

288 4018 366 4072 Hanc
387 4016 525 4070 dimidiam
548 4013 638 4068 hidam
659 4013 700 4084 [iu
725 4013 909 4083 Rocheborne]
934 4013 1027 4067 dicunt
1050 4014 1167 4068 ministri
1187 4014 1253 4069 vice·

250 4106 357 4160 remitis
377 4104 508 4176 pertinere
527 4103 561 4157 ad
583 4102 687 4157 firmam
707 4102 787 4173 regia.
825 4101 876 4155 Sed
896 4101 1015 4156 hundred
1036 4108 1064 4157 et
1082 4103 1149 4156 scira
1161 4103 1254 4156 dicunt

251 4192 321 4262 quod
343 4211 388 4246 rex
411 4191 558 4246 Eduardus
579 4189 654 4244 dedit
674 4189 735 4244 huic
755 4188 896 4258 [Sanina]
915 4193 941 4243 et
960 4189 1022 4244 inde
1042 4188 1122 4244 habet
1134 4189 1253 4261 sigillum

250 4281 316 4350 ejus.
354 4279 395 4333 lb.
