3000 4972
656 556 798 600 nmmnn
823 557 844 599 r.
1209 538 1250 599 25

244 715 277 775 et
301 709 384 795 quod
407 706 481 772 inde
496 706 635 771 dixerint
658 708 775 772 ibidem
794 707 932 791 jurando
963 711 1133 771 testentur.
1179 707 1251 771 Quo

245 823 329 886 lacto
353 819 562 884 restituantur
584 818 718 882 ecclesius
740 825 832 882 terrae
854 841 923 902 quse
955 817 987 880 in
1022 816 1162 881 dominio
1196 840 1251 881 suo

245 936 336 996 erant
368 930 418 994 die
452 929 557 994 obitus
591 929 751 1008 Edwardi,
774 929 913 1014 exceptis
935 929 985 993 his
1008 952 1085 1014 quas
1106 929 1252 993 homines

245 1041 426 1106 clamabant
458 1060 507 1102 me
541 1039 602 1103 sibi
633 1039 764 1104 dedisse.
810 1040 887 1103 Illas
920 1062 992 1104 vero
1024 1039 1140 1103 litteris
1171 1039 1250 1103 mihi

245 1151 382 1234 signate,
404 1173 474 1234 quae
496 1149 562 1214 sint
576 1155 609 1214 et
629 1151 683 1234 qui
698 1173 750 1214 eas
766 1156 887 1215 tenent.
934 1148 999 1215 Qui
1015 1155 1122 1214 autem
1139 1155 1252 1214 tenent

246 1260 444 1326 theinlandes
471 1283 539 1345 quae
560 1260 767 1343 proculdubio
789 1261 904 1325 debent
927 1260 1026 1324 teneri
1047 1260 1086 1324 ds
1108 1261 1250 1338 ecclesia,

245 1372 366 1436 iaciant
377 1370 577 1434 concordiam
593 1393 665 1433 oum
681 1372 796 1434 abbate
811 1393 907 1454 quam
923 1370 1083 1434 meliorem
1099 1370 1250 1454 poterint,

245 1487 278 1546 et
300 1482 327 1545 si
349 1481 520 1545 noluerunt
549 1487 639 1543 terrae
674 1487 857 1545 remaneant
887 1480 927 1543 ad
959 1479 1132 1544 ecclesiam.
1179 1482 1250 1544 Hoc

246 1615 368 1678 quoque
382 1593 420 1656 de
443 1591 625 1656 tenentibus
648 1613 752 1655 socam
785 1597 817 1655 et
847 1613 952 1654 sacam
985 1591 1049 1654 fiat.
1104 1590 1251 1674 Denique

246 1703 404 1787 praecipite
427 1709 464 1766 ut
494 1701 541 1765 illi
564 1702 707 1765 homines
730 1701 849 1765 faciant
871 1707 999 1785 pontem
1023 1699 1062 1764 de
1086 1699 1173 1778 Heli,
1196 1701 1251 1785 qui

246 1835 316 1877 meo
352 1819 506 1897 praecepto
539 1819 573 1877 et
605 1812 811 1896 dispositione
843 1811 1004 1895 hucusque
1040 1809 1134 1873 illum
1165 1811 1250 1874 soliti

247 1929 323 1988 sunt
338 1923 453 1988 facere.-

278 2195 346 2262 [The
357 2195 488 2259 following
494 2196 554 2244 writ
566 2210 620 2243 was
631 2194 717 2244 issuod
729 2195 886 2258 oonoerning
897 2195 973 2244 those
979 2197 1037 2246 who
1046 2197 1156 2247 claimed
1168 2197 1251 2247 nuder

244 2275 289 2324 tha
300 2276 370 2339 king,
383 2291 418 2324 an
429 2270 563 2336 exchnngc
574 2273 604 2321 of
612 2273 688 2321 lands
699 2274 778 2336 being
788 2272 954 2338 promissd.]¹

288 2415 469 2479 Willelmus
492 2437 547 2478 rex
562 2413 754 2498 Anglorum,
773 2414 921 2478 Gosfrido
936 2417 1091 2502 episcopo,
1109 2423 1142 2481 et
1163 2417 1249 2482 Rod-

244 2527 334 2591 berto
370 2531 403 2591 et
439 2525 549 2590 comiti
583 2524 770 2604 Moritonio,
807 2525 952 2591 salutem.
1010 2529 1116 2594 Facite
1153 2530 1250 2593 simul

244 2636 352 2700 venire
372 2657 481 2699 omnes
504 2634 575 2697 illos
597 2633 652 2718 qui
676 2641 774 2698 terras
797 2640 909 2699 tenent
922 2636 961 2700 de
983 2637 1140 2702 dominico
1161 2638 1250 2702 victu

245 2747 380 2811 eeclesiae
402 2746 441 2810 de
463 2745 551 2824 Heli,
573 2756 606 2810 et
637 2746 708 2810 volo
730 2752 768 2809 ut
789 2747 918 2811 ecclesia
943 2770 995 2812 eas
1024 2750 1139 2814 habeat
1167 2750 1251 2813 sicut

245 2857 383 2920 habebat
401 2856 450 2920 die
473 2878 535 2940 qua
558 2856 732 2920 Edwardus
754 2879 809 2920 rex
831 2856 894 2921 fuit
917 2859 1008 2922 vivus
1034 2865 1068 2924 et
1093 2865 1250 2938 mortuus,

245 2974 279 3032 et
301 2967 327 3031 si
350 2966 463 3050 aliquis
484 2966 601 3030 dixerit
623 2967 706 3050 quod
742 2967 816 3031 inde
847 2967 885 3031 de
917 2990 986 3032 meo
1017 2968 1099 3033 dono
1130 2968 1250 3053 aliquid

245 3077 370 3155 habeat,
390 3076 538 3140 mandate
559 3076 639 3139 mihi
661 3077 916 3161 magnitudinem
932 3084 1030 3157 terres,
1047 3086 1080 3145 et
1095 3081 1250 3165 quomodo

246 3212 315 3252 eam
338 3187 497 3265 reclamat,
520 3192 553 3251 et
575 3208 635 3271 ego
658 3187 829 3251 secundum
859 3189 944 3273 quod
975 3191 1113 3269 audiero,
1135 3197 1192 3256 aut
1222 3192 1250 3256 ei

245 3300 318 3364 inde
341 3297 597 3364 escambitioncm
621 3296 761 3378 reddam,
783 3304 840 3362 aut
861 3299 946 3363 aliud
973 3299 1097 3366 faciam.
1144 3302 1251 3366 Facite

245 3411 342 3475 etiam
364 3416 402 3473 ut
423 3408 520 3472 abbas
545 3409 685 3492 Symeon
717 3407 833 3473 habeat
869 3432 978 3475 omnes
1009 3412 1251 3477 eonsuetudines
1300 3389 1306 3399 ι

245 3545 314 3606 quae
337 3521 377 3584 ad
399 3518 559 3583 abbatiam
584 3518 622 3582 dc
647 3517 721 3582 Heli
744 3519 916 3602 pertinent,
938 3521 1021 3585 sicut
1042 3545 1094 3588 eas
1113 3523 1250 3587 habebat

190 3648 193 3654 ’
245 3638 421 3697 antecessor
442 3629 510 3712 ejus
524 3635 665 3712 tempore
680 3629 765 3713 regis
781 3629 939 3697 Edwardi.
987 3634 1140 3698 Praeterea
1155 3633 1250 3698 facite

244 3749 281 3807 ut
303 3743 400 3806 abbas
423 3741 551 3804 saisitus
574 3740 617 3803 sit
637 3740 675 3804 de
697 3739 761 3803 illis
784 3740 979 3807 theinlandis
1003 3766 1074 3828 quae
1096 3744 1136 3808 ad
1151 3745 1248 3809 abba-

246 3854 324 3917 tiam
350 3851 552 3936 pertinebant
574 3850 625 3914 die
647 3873 709 3934 quo
732 3872 787 3914 rex
809 3851 985 3918 Edwardus
1007 3853 1070 3918 fuit
1093 3861 1249 3932 mortuus,

246 3965 274 4028 si
295 3963 343 4027 illi
366 3963 419 4047 qui
446 3984 497 4025 eas
529 3961 648 4025 habent
671 3983 778 4026 secum
809 3963 994 4028 concordare
1026 3965 1195 4042 noluerint,
1218 3973 1250 4028 et

246 4074 286 4138 ad
303 4073 387 4138 istud
402 4072 556 4156 placitum
579 4078 777 4155 summonete
792 4071 990 4137 Willelmum
1012 4075 1051 4140 de
1067 4074 1248 4152 Gaurenna',

459 4271 467 4303 ¹
487 4270 564 4317 Liber
577 4270 695 4326 Eliensis,
709 4269 757 4318 256
771 4267 848 4332 (Aug.
863 4269 944 4318 Chris
958 4269 1038 4330 Soc).
