3000 4972
268 550 330 612 222
521 569 652 612 rnncrrs
676 569 1022 615 suono-nonnnnnrcs.

267 722 383 808 cipiens
395 726 487 785 cartae
498 744 585 786 novoe
597 722 717 805 imponi
730 745 762 787 se
771 724 1043 787 confirmationem
1058 722 1145 787 illam
1163 725 1272 789 fecisse

267 857 324 917 pro
349 855 453 897 amore
476 832 536 896 Dei
563 839 595 897 et
620 833 773 915 petitione
797 833 916 897 Odonis
943 834 1078 913 abbatis,
1102 857 1216 900 nomen
1239 843 1273 900 et

267 944 419 1008 meritum
443 943 585 1029 ejusdem
613 943 735 1008 abbatis
761 944 869 1008 volens
897 968 962 1009 esse
988 946 1022 1008 in
1050 947 1271 1011 recordatione.

267 1056 313 1119 Et
328 1055 476 1140 quoniam
491 1055 524 1118 in
541 1055 635 1119 cartis
650 1060 684 1119 et
699 1056 920 1134 munimentis
935 1081 954 1120 a
970 1056 1102 1121 diversis
1121 1057 1272 1140 personis,

268 1166 391 1231 diverso
406 1173 546 1251 tempore
561 1188 654 1250 super
669 1167 774 1231 eodem
791 1168 918 1248 negotio
934 1167 1028 1247 detis,
1044 1167 1123 1232 solet
1145 1167 1179 1231 in
1200 1190 1272 1252 pos·

268 1277 436 1342 terioribus
450 1277 590 1361 priorum
606 1276 727 1340 mentio
742 1276 819 1353 fieri,
836 1276 880 1340 ita
896 1284 934 1342 ut
950 1277 1032 1362 quod
1054 1277 1209 1361 posterius
1224 1284 1273 1341 est

269 1388 414 1455 videntur
434 1389 677 1472 precedentium
699 1389 825 1471 exigere
848 1388 1066 1452 testimonium
1089 1386 1273 1474 hujusmodi

268 1500 383 1580 verbis,
398 1505 419 1535 “
429 1501 511 1565 sicut
526 1506 612 1564 carta
626 1500 681 1563 ille
696 1499 746 1563 vel
765 1498 852 1562 illius
868 1499 911 1562 N.
929 1500 1097 1576 testatru,”
1106 1498 1204 1585 jussit
1219 1521 1273 1561 rex

269 1632 309 1675 ne
330 1610 470 1675 clausula
491 1610 547 1674 illa
568 1610 766 1688 insereretur,
782 1609 836 1673 sed
859 1610 953 1673 uliam
973 1616 1066 1674 antea
1086 1609 1272 1674 inusitatam

268 1721 335 1806 ipse
351 1721 493 1801 dictavit,
509 1726 542 1785 et
558 1744 649 1804 super
663 1721 713 1784 his
728 1743 796 1805 quae
812 1719 934 1784 viderat
956 1719 988 1783 in
1003 1742 1135 1803 persona
1149 1720 1275 1804 propriu

269 1834 489 1899 testimonium
502 1835 681 1918 perhibens,
691 1839 784 1898 cartae
792 1833 940 1918 praeoepit
951 1832 1083 1916 imponi,
1092 1834 1151 1897 hoc
1164 1833 1272 1897 modo:

270 1951 289 1981 “
305 1946 464 2010 Quoniam
480 1946 602 2031 inspexi
620 1952 739 2009 curtam
755 1945 912 2009 Willelmi
937 1943 1047 2029 proavi
1073 1943 1145 2022 mei,
1162 1943 1196 2007 in
1212 1967 1274 2028 qus

269 2056 458 2141 prescriptae
481 2057 642 2121 libertates
664 2061 697 2121 et
719 2055 910 2140 quietantiae,
925 2062 958 2120 et
981 2055 1086 2119 libone
1107 2062 1274 2120 consuetu·

269 2168 358 2232 dines
380 2168 420 2232 eb
440 2192 475 2233 eo
497 2170 634 2253 praefatae
656 2169 792 2233 ecclesiae
812 2191 962 2233 concesse
977 2167 1273 2233 continebantur.”¹

269 2278 338 2345 Noc
352 2278 544 2362 dedignatus
559 2286 607 2343 est
622 2278 751 2343 inclitus
765 2280 911 2365 princeps
927 2302 1018 2364 super
1032 2280 1181 2364 praedicts
1190 2280 1273 2344 oleu-

270 2390 338 2453 sula
362 2389 487 2454 reddere
512 2390 677 2455 rationem.
732 2395 753 2426 ‘¹
767 2390 837 2464 Si,’'
865 2391 983 2474 inquit,
1009 2390 1180 2455 “clausula
1206 2414 1274 2474 quae

270 2524 435 2584 suppressa
454 2507 502 2565 est
524 2499 642 2565 inserta
664 2501 785 2580 fuisset,
801 2507 888 2565 carta
908 2500 1062 2586 posterior
1084 2501 1151 2565 sine
1174 2501 1275 2585 priore

271 2610 429 2676 modicum
456 2611 617 2676 conferret
664 2613 760 2676 Nunc
782 2635 855 2676 vero
882 2612 969 2676 nulle
992 2612 1026 2676 in
1051 2612 1213 2696 posteriori
1237 2613 1275 2677 de

271 2721 518 2808 precedentibus
548 2721 755 2806 originalibus
784 2722 869 2787 facta
897 2723 1068 2802 mentione,
1093 2725 1160 2788 haeo
1189 2729 1276 2787 carte

270 2833 336 2898 sola
355 2833 521 2909 sufficeret,
537 2832 633 2897 etiam
656 2832 683 2895 si
706 2854 814 2896 omnes
837 2832 905 2895 aliae
920 2838 1013 2897 cartae
1028 2833 1066 2897 de
1083 2834 1170 2898 Bello
1186 2834 1276 2918 depe

270 2944 417 3008 rissent.'’
463 2943 525 3006 His
547 2966 565 3006 a
588 2965 661 3026 rege
683 2943 787 3022 dictis,
803 2943 911 3028 exegit
932 2944 1029 3007 abbas
1051 2967 1071 3008 s
1092 2944 1275 3009 cancellario

270 3061 303 3119 et
319 3054 467 3132 obtinuit,
484 3061 522 3119 ut
537 3055 596 3118 sibi
614 3061 677 3119 tres
692 3060 795 3119 curtos
811 3076 909 3117 unam
925 3053 1120 3137 eandemque
1142 3055 1275 3118 formam

270 3165 443 3230 secundum
466 3172 655 3250 preceptum
678 3165 762 3249 regis
785 3164 985 3230 continentes
1008 3164 1114 3243 scribi,
1131 3165 1276 3249 regisque

272 3274 415 3359 sigillum
436 3274 571 3357 singulis
594 3275 709 3339 faceret
732 3275 859 3359 epponi.
906 3275 1090 3338 Commissae
1105 3276 1164 3340 sibi
1180 3277 1276 3341 ecole-

272 3384 324 3448 siae
339 3384 510 3467 diligenter
525 3385 559 3447 in
574 3385 632 3448 hoc
647 3391 680 3448 et
702 3386 874 3468 prudenter
889 3385 1060 3470 prospexit,
1076 3392 1113 3450 ut
1128 3387 1276 3471 quonism

272 3495 478 3580 possessiones
500 3495 681 3559 monasterii
702 3501 778 3560 sunt
800 3518 819 3558 a
834 3495 1024 3560 monasterio
1040 3494 1213 3579 plurimum
1229 3521 1277 3562 re·

272 3612 377 3683 motae,
393 3604 544 3688 siquando
560 3605 671 3687 quavis
691 3627 841 3669 excausa
860 3605 1034 3689 quamlibet
1056 3604 1154 3668 trium
1176 3613 1278 3671 carta·

272 3738 344 3780 rum
366 3714 552 3797 contigeret,
568 3714 617 3777 vel
641 3714 736 3778 ctiam
752 3716 830 3779 duas
845 3721 935 3780 extra
950 3716 1177 3787 monasterium
1199 3717 1277 3781 alins

272 3825 394 3904 deferri,
411 3848 474 3889 una
489 3825 601 3889 saltem
622 3847 729 3889 earum
751 3828 790 3890 ad
814 3849 943 3890 manum
967 3848 1089 3911 semper
1110 3827 1278 3894 haberetur

273 3938 306 4002 in
322 3936 521 4002 monasterio.

306 4071 313 4104 ¹
332 4073 402 4132 This,
410 4072 432 4121 it
443 4073 496 4121 will
507 4073 539 4121 be
547 4073 677 4131 obser-ved,
687 4073 711 4122 is
720 4073 765 4121 the
778 4073 882 4121 formof
889 4073 935 4121 the
947 4076 962 4099 “
970 4073 1150 4134 inspeximus'’
1161 4073 1279 4124 ohurters

273 4165 336 4213 very
349 4150 494 4214 frequently
511 4151 576 4199 used
595 4151 623 4198 in
642 4151 709 4199 luter
729 4151 814 4200 times.
850 4151 878 4199 If
891 4151 944 4199 this
960 4166 1022 4210 wus,
1039 4151 1141 4210 indeed,
1154 4151 1200 4199 the
1219 4153 1279 4202 first

273 4242 319 4276 use
331 4227 359 4274 of
375 4229 420 4276 the
432 4229 506 4287 form,
519 4229 540 4276 it
555 4226 595 4292 (or
606 4228 652 4276 the
663 4244 754 4278 resson
767 4230 844 4292 gIren
862 4228 902 4276 for
912 4228 944 4290 it)
958 4228 1009 4277 isa
1019 4227 1125 4276 further
1135 4227 1278 4277 indication

273 4304 303 4351 os
316 4304 429 4368 Henry's
447 4305 567 4368 fertility.
603 4307 655 4354 But
672 4307 718 4354 the
730 4306 895 4355 chroniolers
912 4308 1055 4354 statement
1072 4304 1152 4354 noeds
1164 4306 1278 4356 verifico·

274 4383 336 4428 tion.
