<?xml version="1.0" encoding="UTF-8"?>
<!DOCTYPE html PUBLIC "-//W3C//DTD XHTML 1.0 Transitional//EN"
    "http://www.w3.org/TR/xhtml1/DTD/xhtml1-transitional.dtd">
<html xmlns="http://www.w3.org/1999/xhtml" xml:lang="en" lang="en">
 <head>
  <title>
</title>
<meta http-equiv="Content-Type" content="text/html;charset=utf-8" />
  <meta name='ocr-system' content='tesseract 3.04.00' />
  <meta name='ocr-capabilities' content='ocr_page ocr_carea ocr_par ocr_line ocrx_word'/>
</head>
<body>
  <div class='ocr_page' id='page_1' title='image "./placitaanglonor00bigegoog_0301.png"; bbox 0 0 3000 4972; ppageno 0'>
   <div class='ocr_carea' id='block_1_1' title="bbox 244 538 996 600">
    <p class='ocr_par' dir='ltr' id='par_1_1' title="bbox 244 538 996 600">
     <span class='ocr_line' id='line_1_1' title="bbox 244 538 996 600; baseline -0.001 0"><span class='ocrx_word' id='word_1_1' title='bbox 244 538 306 600; x_wconf 75' lang='lat'><strong>232</strong></span> <span class='ocrx_word' id='word_1_2' title='bbox 489 554 624 599; x_wconf 73' lang='lat' dir='ltr'><strong>rnacrrs</strong></span> <span class='ocrx_word' id='word_1_3' title='bbox 648 553 996 600; x_wconf 65' lang='lat' dir='ltr'><strong>irato-nonunurrca</strong></span> 
     </span>
    </p>
   </div>
   <div class='ocr_carea' id='block_1_2' title="bbox 243 705 1251 2451">
    <p class='ocr_par' dir='ltr' id='par_1_2' title="bbox 243 705 1251 2451">
     <span class='ocr_line' id='line_1_2' title="bbox 243 705 1250 792; baseline -0.001 -22"><span class='ocrx_word' id='word_1_4' title='bbox 243 729 312 792; x_wconf 71' lang='lat' dir='ltr'><strong>quie</strong></span> <span class='ocrx_word' id='word_1_5' title='bbox 336 706 371 771; x_wconf 93' lang='lat' dir='ltr'><strong>in</strong></span> <span class='ocrx_word' id='word_1_6' title='bbox 396 705 539 790; x_wconf 85' lang='lat' dir='ltr'><strong>partibus</strong></span> <span class='ocrx_word' id='word_1_7' title='bbox 564 706 731 772; x_wconf 84' lang='lat' dir='ltr'><strong>Cornubiae</strong></span> <span class='ocrx_word' id='word_1_8' title='bbox 753 706 816 770; x_wconf 83' lang='lat' dir='ltr'><strong>sita</strong></span> <span class='ocrx_word' id='word_1_9' title='bbox 841 710 899 785; x_wconf 89' lang='lat' dir='ltr'><strong>est,</strong></span> <span class='ocrx_word' id='word_1_10' title='bbox 926 706 1087 771; x_wconf 86' lang='lat' dir='ltr'><strong>Martinus</strong></span> <span class='ocrx_word' id='word_1_11' title='bbox 1111 705 1250 783; x_wconf 90' lang='lat' dir='ltr'><strong>nomine,</strong></span> 
     </span>
     <span class='ocr_line' id='line_1_3' title="bbox 243 817 1250 904; baseline -0.003 -19"><span class='ocrx_word' id='word_1_12' title='bbox 243 819 353 885; x_wconf 85' lang='lat' dir='ltr'><strong>statim</strong></span> <span class='ocrx_word' id='word_1_13' title='bbox 369 825 440 902; x_wconf 85' lang='lat' dir='ltr'><strong>post</strong></span> <span class='ocrx_word' id='word_1_14' title='bbox 454 817 666 902; x_wconf 79' lang='lat' dir='ltr'>Epiphaniam</span> <span class='ocrx_word' id='word_1_15' title='bbox 682 819 813 885; x_wconf 86' lang='lat' dir='ltr'><strong>Domini</strong></span> <span class='ocrx_word' id='word_1_16' title='bbox 827 818 944 884; x_wconf 81' lang='lat' dir='ltr'><strong>furtive</strong></span> <span class='ocrx_word' id='word_1_17' title='bbox 955 819 1128 904; x_wconf 79' lang='lat' dir='ltr'>asportavit</span> <span class='ocrx_word' id='word_1_18' title='bbox 1138 843 1250 904; x_wconf 84' lang='lat' dir='ltr'><strong>corpus</strong></span> 
     </span>
     <span class='ocr_line' id='line_1_4' title="bbox 246 929 1249 1013; baseline -0.002 -18"><span class='ocrx_word' id='word_1_19' title='bbox 246 929 356 995; x_wconf 79' lang='lat' dir='ltr'>Sancti</span> <span class='ocrx_word' id='word_1_20' title='bbox 372 929 504 1007; x_wconf 77' lang='lat' dir='ltr'><strong>Petroni,</strong></span> <span class='ocrx_word' id='word_1_21' title='bbox 520 936 553 995; x_wconf 89' lang='lat' dir='ltr'><strong>et</strong></span> <span class='ocrx_word' id='word_1_22' title='bbox 572 953 644 995; x_wconf 90' lang='lat' dir='ltr'><strong>cum</strong></span> <span class='ocrx_word' id='word_1_23' title='bbox 668 953 704 996; x_wconf 89' lang='lat' dir='ltr'><strong>eo</strong></span> <span class='ocrx_word' id='word_1_24' title='bbox 729 930 855 1013; x_wconf 78' lang='lat' dir='ltr'>fugiens</span> <span class='ocrx_word' id='word_1_25' title='bbox 878 931 1107 1010; x_wconf 81' lang='lat' dir='ltr'><strong>transfretavit,</strong></span> <span class='ocrx_word' id='word_1_26' title='bbox 1122 941 1155 995; x_wconf 89' lang='lat' dir='ltr'><strong>et</strong></span> <span class='ocrx_word' id='word_1_27' title='bbox 1170 930 1249 994; x_wconf 88' lang='lat' dir='ltr'><strong>iilud</strong></span> 
     </span>
     <span class='ocr_line' id='line_1_5' title="bbox 244 1039 1249 1124; baseline -0.003 -19"><span class='ocrx_word' id='word_1_28' title='bbox 244 1039 327 1105; x_wconf 85' lang='lat' dir='ltr'><strong>sicut</strong></span> <span class='ocrx_word' id='word_1_29' title='bbox 352 1039 469 1105; x_wconf 87' lang='lat' dir='ltr'><strong>detulit</strong></span> <span class='ocrx_word' id='word_1_30' title='bbox 491 1063 589 1124; x_wconf 88' lang='lat' dir='ltr'><strong>usque</strong></span> <span class='ocrx_word' id='word_1_31' title='bbox 604 1041 644 1106; x_wconf 83' lang='lat' dir='ltr'><strong>ad</strong></span> <span class='ocrx_word' id='word_1_32' title='bbox 658 1039 819 1106; x_wconf 84' lang='lat' dir='ltr'><strong>abhatiam</strong></span> <span class='ocrx_word' id='word_1_33' title='bbox 843 1039 953 1105; x_wconf 85' lang='lat' dir='ltr'><strong>Sancti</strong></span> <span class='ocrx_word' id='word_1_34' title='bbox 977 1041 1129 1106; x_wconf 81' lang='lat' dir='ltr'><strong>Mevenni</strong></span> <span class='ocrx_word' id='word_1_35' title='bbox 1154 1041 1249 1104; x_wconf 84' lang='lat' dir='ltr'><strong>sitam</strong></span> 
     </span>
     <span class='ocr_line' id='line_1_6' title="bbox 243 1149 1250 1235; baseline 0.001 -22"><span class='ocrx_word' id='word_1_36' title='bbox 243 1149 434 1235; x_wconf 83' lang='lat' dir='ltr'><strong>inpartibus</strong></span> <span class='ocrx_word' id='word_1_37' title='bbox 449 1150 585 1214; x_wconf 78' lang='lat' dir='ltr'><strong>Minoris</strong></span> <span class='ocrx_word' id='word_1_38' title='bbox 602 1150 784 1215; x_wconf 71' lang='lat' dir='ltr'><strong>Britanniae.</strong></span> <span class='ocrx_word' id='word_1_39' title='bbox 819 1151 911 1216; x_wconf 80' lang='lat' dir='ltr'><strong>Quod</strong></span> <span class='ocrx_word' id='word_1_40' title='bbox 926 1173 998 1215; x_wconf 89' lang='lat' dir='ltr'><strong>cum</strong></span> <span class='ocrx_word' id='word_1_41' title='bbox 1016 1153 1141 1235; x_wconf 86' lang='lat' dir='ltr'><strong>Rogero</strong></span> <span class='ocrx_word' id='word_1_42' title='bbox 1155 1150 1250 1234; x_wconf 84' lang='lat' dir='ltr'><strong>priori</strong></span> 
     </span>
     <span class='ocr_line' id='line_1_7' title="bbox 245 1259 1249 1325; baseline 0.001 -1"><span class='ocrx_word' id='word_1_43' title='bbox 245 1260 445 1325; x_wconf 83' lang='lat' dir='ltr'><strong>Bothmeniae</strong></span> <span class='ocrx_word' id='word_1_44' title='bbox 469 1265 503 1324; x_wconf 92' lang='lat' dir='ltr'><strong>et</strong></span> <span class='ocrx_word' id='word_1_45' title='bbox 528 1260 687 1325; x_wconf 86' lang='lat' dir='ltr'><strong>canonicis</strong></span> <span class='ocrx_word' id='word_1_46' title='bbox 705 1260 823 1325; x_wconf 88' lang='lat' dir='ltr'><strong>ibidem</strong></span> <span class='ocrx_word' id='word_1_47' title='bbox 838 1259 907 1325; x_wconf 80' lang='lat' dir='ltr'><strong>&#39;Deo</strong></span> <span class='ocrx_word' id='word_1_48' title='bbox 930 1260 1137 1325; x_wconf 84' lang='lat' dir='ltr'><strong>servientibus</strong></span> <span class='ocrx_word' id='word_1_49' title='bbox 1159 1261 1249 1325; x_wconf 91' lang='lat' dir='ltr'><strong>inno·</strong></span> 
     </span>
     <span class='ocr_line' id='line_1_8' title="bbox 245 1370 1250 1456; baseline 0 -21"><span class='ocrx_word' id='word_1_50' title='bbox 245 1370 371 1450; x_wconf 71' lang='lat' dir='ltr'><strong>tumeat,</strong></span> <span class='ocrx_word' id='word_1_51' title='bbox 394 1370 560 1456; x_wconf 83' lang='lat' dir='ltr'><strong>praedictus</strong></span> <span class='ocrx_word' id='word_1_52' title='bbox 584 1371 678 1455; x_wconf 93' lang='lat' dir='ltr'><strong>prior,</strong></span> <span class='ocrx_word' id='word_1_53' title='bbox 704 1393 759 1456; x_wconf 89' lang='lat' dir='ltr'><strong>per</strong></span> <span class='ocrx_word' id='word_1_54' title='bbox 783 1371 949 1434; x_wconf 82' lang='lat' dir='ltr'><strong>consilium</strong></span> <span class='ocrx_word' id='word_1_55' title='bbox 965 1371 1097 1435; x_wconf 80' lang='lat' dir='ltr'><strong>fratrum</strong></span> <span class='ocrx_word' id='word_1_56' title='bbox 1112 1394 1250 1450; x_wconf 89' lang='lat' dir='ltr'><strong>suorum,</strong></span> 
     </span>
     <span class='ocr_line' id='line_1_9' title="bbox 244 1481 1249 1567; baseline 0.002 -22"><span class='ocrx_word' id='word_1_57' title='bbox 244 1481 407 1546; x_wconf 90' lang='lat' dir='ltr'><strong>dominum</strong></span> <span class='ocrx_word' id='word_1_58' title='bbox 423 1503 530 1566; x_wconf 86' lang='lat' dir='ltr'><strong>regem</strong></span> <span class='ocrx_word' id='word_1_59' title='bbox 546 1482 671 1565; x_wconf 84' lang='lat' dir='ltr'><strong>Angliae</strong></span> <span class='ocrx_word' id='word_1_60' title='bbox 688 1481 872 1559; x_wconf 76' lang='lat' dir='ltr'><strong>Heni-ioum,</strong></span> <span class='ocrx_word' id='word_1_61' title='bbox 882 1481 983 1545; x_wconf 88' lang='lat' dir='ltr'><strong>filium</strong></span> <span class='ocrx_word' id='word_1_62' title='bbox 999 1482 1135 1546; x_wconf 85' lang='lat' dir='ltr'><strong>Matillis</strong></span> <span class='ocrx_word' id='word_1_63' title='bbox 1150 1483 1249 1567; x_wconf 90' lang='lat' dir='ltr'><strong>impe·</strong></span> 
     </span>
     <span class='ocr_line' id='line_1_10' title="bbox 244 1591 1251 1678; baseline 0.001 -22"><span class='ocrx_word' id='word_1_64' title='bbox 244 1594 378 1671; x_wconf 87' lang='lat' dir='ltr'><strong>ratricis,</strong></span> <span class='ocrx_word' id='word_1_65' title='bbox 405 1593 495 1671; x_wconf 85' lang='lat' dir='ltr'><strong>adiit,</strong></span> <span class='ocrx_word' id='word_1_66' title='bbox 518 1597 552 1656; x_wconf 88' lang='lat' dir='ltr'><strong>et</strong></span> <span class='ocrx_word' id='word_1_67' title='bbox 574 1614 630 1676; x_wconf 92' lang='lat' dir='ltr'><strong>per</strong></span> <span class='ocrx_word' id='word_1_68' title='bbox 655 1591 755 1676; x_wconf 87' lang='lat' dir='ltr'><strong>ipsius</strong></span> <span class='ocrx_word' id='word_1_69' title='bbox 778 1591 928 1675; x_wconf 74' lang='lat' dir='ltr'><strong>potentia</strong></span> <span class='ocrx_word' id='word_1_70' title='bbox 951 1591 1119 1671; x_wconf 84' lang='lat' dir='ltr'><strong>auxilium,</strong></span> <span class='ocrx_word' id='word_1_71' title='bbox 1139 1615 1251 1678; x_wconf 90' lang='lat' dir='ltr'><strong>corpus</strong></span> 
     </span>
     <span class='ocr_line' id='line_1_11' title="bbox 246 1702 1248 1789; baseline -0.001 -19"><span class='ocrx_word' id='word_1_72' title='bbox 246 1704 356 1770; x_wconf 80' lang='lat' dir='ltr'><strong>Sancti</strong></span> <span class='ocrx_word' id='word_1_73' title='bbox 371 1704 507 1783; x_wconf 87' lang='lat' dir='ltr'><strong>Patrooi,</strong></span> <span class='ocrx_word' id='word_1_74' title='bbox 516 1704 598 1788; x_wconf 88' lang='lat' dir='ltr'><strong>qnod</strong></span> <span class='ocrx_word' id='word_1_75' title='bbox 613 1726 669 1789; x_wconf 89' lang='lat' dir='ltr'><strong>per</strong></span> <span class='ocrx_word' id='word_1_76' title='bbox 683 1703 803 1766; x_wconf 86' lang='lat' dir='ltr'><strong>furtum</strong></span> <span class='ocrx_word' id='word_1_77' title='bbox 820 1702 998 1781; x_wconf 87' lang='lat' dir='ltr'><strong>amiserant,</strong></span> <span class='ocrx_word' id='word_1_78' title='bbox 1007 1711 1248 1787; x_wconf 82' lang='lat' dir='ltr'><strong>recuperassent.</strong></span> 
     </span>
     <span class='ocr_line' id='line_1_12' title="bbox 244 1813 1250 1898; baseline -0.001 -18"><span class='ocrx_word' id='word_1_79' title='bbox 244 1815 297 1880; x_wconf 87' lang='lat' dir='ltr'><strong>Ad</strong></span> <span class='ocrx_word' id='word_1_80' title='bbox 323 1815 510 1880; x_wconf 86' lang='lat' dir='ltr'><strong>instantiam</strong></span> <span class='ocrx_word' id='word_1_81' title='bbox 534 1820 640 1879; x_wconf 84' lang='lat' dir='ltr'><strong>autem</strong></span> <span class='ocrx_word' id='word_1_82' title='bbox 667 1813 791 1877; x_wconf 89' lang='lat' dir='ltr'><strong>illorum</strong></span> <span class='ocrx_word' id='word_1_83' title='bbox 806 1813 960 1877; x_wconf 89' lang='lat' dir='ltr'><strong>concessit</strong></span> <span class='ocrx_word' id='word_1_84' title='bbox 974 1813 1018 1878; x_wconf 89' lang='lat' dir='ltr'><strong>eis</strong></span> <span class='ocrx_word' id='word_1_85' title='bbox 1032 1815 1181 1898; x_wconf 71' lang='lat' dir='ltr'><strong>prefatus</strong></span> <span class='ocrx_word' id='word_1_86' title='bbox 1196 1837 1250 1879; x_wconf 84' lang='lat' dir='ltr'><strong>rex</strong></span> 
     </span>
     <span class='ocr_line' id='line_1_13' title="bbox 244 1923 1251 2007; baseline -0.001 -17"><span class='ocrx_word' id='word_1_87' title='bbox 244 1926 398 1991; x_wconf 84' lang='lat' dir='ltr'><strong>auxilinm</strong></span> <span class='ocrx_word' id='word_1_88' title='bbox 423 1947 528 2005; x_wconf 89' lang='lat' dir='ltr'><strong>suum,</strong></span> <span class='ocrx_word' id='word_1_89' title='bbox 544 1931 576 1990; x_wconf 87' lang='lat' dir='ltr'><strong>et</strong></span> <span class='ocrx_word' id='word_1_90' title='bbox 599 1923 763 1988; x_wconf 86' lang='lat' dir='ltr'><strong>mandavit</strong></span> <span class='ocrx_word' id='word_1_91' title='bbox 787 1945 842 2007; x_wconf 92' lang='lat' dir='ltr'><strong>per</strong></span> <span class='ocrx_word' id='word_1_92' title='bbox 864 1923 986 1989; x_wconf 86' lang='lat' dir='ltr'><strong>litteras</strong></span> <span class='ocrx_word' id='word_1_93' title='bbox 1007 1947 1079 1988; x_wconf 87' lang='lat' dir='ltr'><strong>suas</strong></span> <span class='ocrx_word' id='word_1_94' title='bbox 1096 1925 1251 1990; x_wconf 77' lang='lat' dir='ltr'><strong>Rollando</strong></span> 
     </span>
     <span class='ocr_line' id='line_1_14' title="bbox 244 2033 1250 2120; baseline -0.001 -18"><span class='ocrx_word' id='word_1_95' title='bbox 244 2036 283 2102; x_wconf 96' lang='lat' dir='ltr'><strong>de</strong></span> <span class='ocrx_word' id='word_1_96' title='bbox 293 2036 463 2114; x_wconf 89' lang='lat' dir='ltr'><strong>Dinamno,</strong></span> <span class='ocrx_word' id='word_1_97' title='bbox 471 2035 604 2120; x_wconf 77' lang='lat' dir='ltr'><strong>justitias</strong></span> <span class='ocrx_word' id='word_1_98' title='bbox 615 2033 792 2111; x_wconf 74' lang='lat' dir='ltr'><strong>Brittania,</strong></span> <span class='ocrx_word' id='word_1_99' title='bbox 801 2034 885 2118; x_wconf 91' lang='lat' dir='ltr'><strong>quod</strong></span> <span class='ocrx_word' id='word_1_100' title='bbox 894 2034 961 2098; x_wconf 85' lang='lat' dir='ltr'><strong>sine</strong></span> <span class='ocrx_word' id='word_1_101' title='bbox 975 2034 1125 2100; x_wconf 83' lang='lat' dir='ltr'><strong>dilatione</strong></span> <span class='ocrx_word' id='word_1_102' title='bbox 1136 2034 1250 2101; x_wconf 79' lang='lat' dir='ltr'><strong>faceret</strong></span> 
     </span>
     <span class='ocr_line' id='line_1_15' title="bbox 244 2143 1249 2232; baseline -0.001 -20"><span class='ocrx_word' id='word_1_103' title='bbox 244 2147 324 2212; x_wconf 90' lang='lat' dir='ltr'><strong>illud</strong></span> <span class='ocrx_word' id='word_1_104' title='bbox 350 2170 460 2232; x_wconf 85' lang='lat' dir='ltr'><strong>corpus</strong></span> <span class='ocrx_word' id='word_1_105' title='bbox 485 2145 583 2211; x_wconf 91' lang='lat' dir='ltr'><strong>reddi.</strong></span> <span class='ocrx_word' id='word_1_106' title='bbox 629 2143 748 2210; x_wconf 89' lang='lat' dir='ltr'><strong>Audito</strong></span> <span class='ocrx_word' id='word_1_107' title='bbox 771 2144 878 2231; x_wconf 87' lang='lat' dir='ltr'><strong>itaque</strong></span> <span class='ocrx_word' id='word_1_108' title='bbox 902 2146 1051 2210; x_wconf 89' lang='lat' dir='ltr'><strong>mandato</strong></span> <span class='ocrx_word' id='word_1_109' title='bbox 1065 2147 1159 2231; x_wconf 80' lang='lat' dir='ltr'><strong>regis,</strong></span> <span class='ocrx_word' id='word_1_110' title='bbox 1172 2171 1249 2232; x_wconf 86' lang='lat' dir='ltr'><strong>prae-</strong></span> 
     </span>
     <span class='ocr_line' id='line_1_16' title="bbox 244 2256 1250 2341; baseline 0 -18"><span class='ocrx_word' id='word_1_111' title='bbox 244 2256 349 2323; x_wconf 85' lang='lat' dir='ltr'><strong>dictus</strong></span> <span class='ocrx_word' id='word_1_112' title='bbox 365 2256 539 2321; x_wconf 89' lang='lat' dir='ltr'><strong>Rollandus</strong></span> <span class='ocrx_word' id='word_1_113' title='bbox 555 2256 644 2321; x_wconf 87' lang='lat' dir='ltr'><strong>venit</strong></span> <span class='ocrx_word' id='word_1_114' title='bbox 659 2278 731 2319; x_wconf 91' lang='lat' dir='ltr'><strong>cum</strong></span> <span class='ocrx_word' id='word_1_115' title='bbox 746 2261 867 2320; x_wconf 89' lang='lat' dir='ltr'><strong>armata</strong></span> <span class='ocrx_word' id='word_1_116' title='bbox 882 2276 979 2319; x_wconf 88' lang='lat' dir='ltr'><strong>manu</strong></span> <span class='ocrx_word' id='word_1_117' title='bbox 1005 2261 1038 2321; x_wconf 88' lang='lat' dir='ltr'><strong>et</strong></span> <span class='ocrx_word' id='word_1_118' title='bbox 1061 2258 1186 2341; x_wconf 88' lang='lat' dir='ltr'><strong>potenti</strong></span> <span class='ocrx_word' id='word_1_119' title='bbox 1209 2259 1250 2323; x_wconf 87' lang='lat' dir='ltr'><strong>ad</strong></span> 
     </span>
     <span class='ocr_line' id='line_1_17' title="bbox 244 2366 1250 2451; baseline -0.002 -18"><span class='ocrx_word' id='word_1_120' title='bbox 244 2368 405 2433; x_wconf 87' lang='lat' dir='ltr'><strong>abbatiam</strong></span> <span class='ocrx_word' id='word_1_121' title='bbox 422 2367 532 2432; x_wconf 82' lang='lat' dir='ltr'><strong>Sancti</strong></span> <span class='ocrx_word' id='word_1_122' title='bbox 547 2366 712 2440; x_wconf 86' lang='lat' dir='ltr'><strong>Mavenni,</strong></span> <span class='ocrx_word' id='word_1_123' title='bbox 728 2372 761 2431; x_wconf 92' lang='lat' dir='ltr'><strong>et</strong></span> <span class='ocrx_word' id='word_1_124' title='bbox 771 2367 919 2451; x_wconf 69' lang='lat' dir='ltr'><strong>pracepit</strong></span> <span class='ocrx_word' id='word_1_125' title='bbox 930 2389 1041 2450; x_wconf 87' lang='lat' dir='ltr'><strong>corpus</strong></span> <span class='ocrx_word' id='word_1_126' title='bbox 1050 2367 1129 2432; x_wconf 89' lang='lat' dir='ltr'><strong>illud</strong></span> <span class='ocrx_word' id='word_1_127' title='bbox 1144 2369 1250 2447; x_wconf 88' lang='lat' dir='ltr'><strong>reddi;</strong></span> 
     </span>
    </p>
   </div>
   <div class='ocr_carea' id='block_1_3' title="bbox 244 2475 1250 2777">
    <p class='ocr_par' dir='ltr' id='par_1_3' title="bbox 244 2475 1250 2777">
     <span class='ocr_line' id='line_1_18' title="bbox 244 2475 1250 2564; baseline 0.001 -22"><span class='ocrx_word' id='word_1_128' title='bbox 244 2479 415 2564; x_wconf 90' lang='lat' dir='ltr'><strong>quodcum</strong></span> <span class='ocrx_word' id='word_1_129' title='bbox 431 2478 526 2542; x_wconf 90' lang='lat' dir='ltr'><strong>abbas</strong></span> <span class='ocrx_word' id='word_1_130' title='bbox 541 2484 573 2542; x_wconf 94' lang='lat' dir='ltr'><strong>et</strong></span> <span class='ocrx_word' id='word_1_131' title='bbox 588 2477 734 2543; x_wconf 91' lang='lat' dir='ltr'><strong>monachi</strong></span> <span class='ocrx_word' id='word_1_132' title='bbox 749 2477 887 2561; x_wconf 87' lang='lat' dir='ltr'><strong>ejusdem</strong></span> <span class='ocrx_word' id='word_1_133' title='bbox 903 2475 964 2543; x_wconf 87' lang='lat' dir='ltr'><strong>loci</strong></span> <span class='ocrx_word' id='word_1_134' title='bbox 978 2477 1103 2542; x_wconf 90' lang='lat' dir='ltr'><strong>reddere</strong></span> <span class='ocrx_word' id='word_1_135' title='bbox 1118 2479 1250 2559; x_wconf 90' lang='lat' dir='ltr'><strong>nollent,</strong></span> 
     </span>
     <span class='ocr_line' id='line_1_19' title="bbox 245 2586 1250 2679; baseline -0.003 -22"><span class='ocrx_word' id='word_1_136' title='bbox 245 2594 311 2679; x_wconf 63' lang='lat' dir='ltr'><strong>ipe</strong></span> <span class='ocrx_word' id='word_1_137' title='bbox 333 2590 435 2655; x_wconf 85' lang='lat' dir='ltr'><strong>minae</strong></span> <span class='ocrx_word' id='word_1_138' title='bbox 450 2589 581 2667; x_wconf 82' lang='lat' dir='ltr'><strong>addidit,</strong></span> <span class='ocrx_word' id='word_1_139' title='bbox 595 2589 707 2673; x_wconf 86' lang='lat' dir='ltr'><strong>jurans</strong></span> <span class='ocrx_word' id='word_1_140' title='bbox 722 2610 824 2673; x_wconf 83' lang='lat' dir='ltr'><strong>seper</strong></span> <span class='ocrx_word' id='word_1_141' title='bbox 838 2587 915 2668; x_wconf 88' lang='lat' dir='ltr'><strong>vim,</strong></span> <span class='ocrx_word' id='word_1_142' title='bbox 938 2586 1000 2652; x_wconf 88' lang='lat' dir='ltr'><strong>nisi</strong></span> <span class='ocrx_word' id='word_1_143' title='bbox 1026 2588 1155 2654; x_wconf 87' lang='lat' dir='ltr'><strong>celerius</strong></span> <span class='ocrx_word' id='word_1_144' title='bbox 1181 2591 1250 2655; x_wconf 88' lang='lat' dir='ltr'><strong>red·</strong></span> 
     </span>
     <span class='ocr_line' id='line_1_20' title="bbox 246 2697 754 2777; baseline -0.018 -5"><span class='ocrx_word' id='word_1_145' title='bbox 246 2705 380 2777; x_wconf 87' lang='lat' dir='ltr'><strong>deretur,</strong></span> <span class='ocrx_word' id='word_1_146' title='bbox 395 2701 556 2767; x_wconf 85' lang='lat' dir='ltr'><strong>extrahere</strong></span> <span class='ocrx_word' id='word_1_147' title='bbox 571 2699 651 2764; x_wconf 86' lang='lat' dir='ltr'><strong>velle</strong></span> <span class='ocrx_word' id='word_1_148' title='bbox 666 2697 754 2763; x_wconf 92' lang='lat' dir='ltr'><strong>illud.</strong></span> 
     </span>
    </p>
   </div>
   <div class='ocr_carea' id='block_1_4' title="bbox 245 2835 1251 2983">
    <p class='ocr_par' dir='ltr' id='par_1_4' title="bbox 245 2835 1251 2983">
     <span class='ocr_line' id='line_1_21' title="bbox 278 2835 1251 2903; baseline -0.004 -13"><span class='ocrx_word' id='word_1_149' title='bbox 278 2843 333 2890; x_wconf 81' lang='lat' dir='ltr'><strong>The</strong></span> <span class='ocrx_word' id='word_1_150' title='bbox 343 2838 413 2903; x_wconf 88' lang='lat' dir='ltr'><strong>body</strong></span> <span class='ocrx_word' id='word_1_151' title='bbox 424 2839 447 2888; x_wconf 87' lang='lat' dir='ltr'><strong>is</strong></span> <span class='ocrx_word' id='word_1_152' title='bbox 458 2839 521 2887; x_wconf 85' lang='lat' dir='ltr'><strong>then</strong></span> <span class='ocrx_word' id='word_1_153' title='bbox 533 2836 712 2896; x_wconf 81' lang='lat' dir='ltr'><strong>surrendered,</strong></span> <span class='ocrx_word' id='word_1_154' title='bbox 723 2851 757 2886; x_wconf 91' lang='lat' dir='ltr'><strong>on</strong></span> <span class='ocrx_word' id='word_1_155' title='bbox 767 2836 830 2886; x_wconf 82' lang='lat' dir='ltr'><strong>ooth</strong></span> <span class='ocrx_word' id='word_1_156' title='bbox 841 2835 901 2887; x_wconf 85' lang='lat' dir='ltr'><strong>that</strong></span> <span class='ocrx_word' id='word_1_157' title='bbox 912 2836 934 2885; x_wconf 87' lang='lat' dir='ltr'><strong>it</strong></span> <span class='ocrx_word' id='word_1_158' title='bbox 945 2850 1000 2886; x_wconf 83' lang='lat' dir='ltr'><strong>was</strong></span> <span class='ocrx_word' id='word_1_159' title='bbox 1012 2836 1056 2886; x_wconf 86' lang='lat' dir='ltr'><strong>tha</strong></span> <span class='ocrx_word' id='word_1_160' title='bbox 1067 2835 1190 2886; x_wconf 83' lang='lat' dir='ltr'><strong>identiosl</strong></span> <span class='ocrx_word' id='word_1_161' title='bbox 1202 2853 1251 2886; x_wconf 85' lang='lat' dir='ltr'><strong>one</strong></span> 
     </span>
     <span class='ocr_line' id='line_1_22' title="bbox 245 2918 371 2983; baseline -0.016 -15"><span class='ocrx_word' id='word_1_162' title='bbox 245 2918 371 2983; x_wconf 82' lang='lat' dir='ltr'><strong>required.</strong></span> 
     </span>
    </p>
   </div>
   <div class='ocr_carea' id='block_1_5' title="bbox 427 3508 1054 3594">
    <p class='ocr_par' dir='ltr' id='par_1_5' title="bbox 427 3508 1054 3594">
     <span class='ocr_line' id='line_1_23' title="bbox 427 3508 1054 3594; baseline 0.002 -22"><span class='ocrx_word' id='word_1_163' title='bbox 427 3508 551 3593; x_wconf 84' lang='lat' dir='ltr'><strong>[M1n1s</strong></span> <span class='ocrx_word' id='word_1_164' title='bbox 573 3527 612 3573; x_wconf 85' lang='lat' dir='ltr'><strong>or</strong></span> <span class='ocrx_word' id='word_1_165' title='bbox 635 3509 865 3575; x_wconf 70' lang='lat' dir='ltr'><strong>Comuntur.</strong></span> <span class='ocrx_word' id='word_1_166' title='bbox 912 3508 1054 3594; x_wconf 78' lang='lat'>1182?]¹</span> 
     </span>
    </p>
   </div>
   <div class='ocr_carea' id='block_1_6' title="bbox 248 3632 1251 3776">
    <p class='ocr_par' dir='ltr' id='par_1_6' title="bbox 248 3632 1251 3776">
     <span class='ocr_line' id='line_1_24' title="bbox 248 3632 1251 3700; baseline 0.002 -17"><span class='ocrx_word' id='word_1_167' title='bbox 248 3632 318 3700; x_wconf 74' lang='lat' dir='ltr'><strong>[The</strong></span> <span class='ocrx_word' id='word_1_168' title='bbox 327 3635 414 3699; x_wconf 77' lang='lat' dir='ltr'><strong>king’s</strong></span> <span class='ocrx_word' id='word_1_169' title='bbox 424 3636 486 3684; x_wconf 81' lang='lat' dir='ltr'><strong>writ</strong></span> <span class='ocrx_word' id='word_1_170' title='bbox 496 3636 627 3699; x_wconf 86' lang='lat' dir='ltr'><strong>directing</strong></span> <span class='ocrx_word' id='word_1_171' title='bbox 637 3637 698 3686; x_wconf 82' lang='lat' dir='ltr'><strong>that</strong></span> <span class='ocrx_word' id='word_1_172' title='bbox 706 3637 741 3686; x_wconf 80' lang='lat' dir='ltr'><strong>all</strong></span> <span class='ocrx_word' id='word_1_173' title='bbox 753 3637 822 3687; x_wconf 77' lang='lat' dir='ltr'><strong>milla</strong></span> <span class='ocrx_word' id='word_1_174' title='bbox 833 3637 925 3686; x_wconf 84' lang='lat' dir='ltr'><strong>within</strong></span> <span class='ocrx_word' id='word_1_175' title='bbox 936 3637 989 3686; x_wconf 86' lang='lat' dir='ltr'><strong>and</strong></span> <span class='ocrx_word' id='word_1_176' title='bbox 999 3637 1110 3686; x_wconf 82' lang='lat' dir='ltr'><strong>without</strong></span> <span class='ocrx_word' id='word_1_177' title='bbox 1121 3637 1166 3686; x_wconf 87' lang='lat' dir='ltr'><strong>the</strong></span> <span class='ocrx_word' id='word_1_178' title='bbox 1177 3635 1251 3685; x_wconf 83' lang='lat' dir='ltr'><strong>walls</strong></span> 
     </span>
     <span class='ocr_line' id='line_1_25' title="bbox 313 3712 1250 3776; baseline 0 -16"><span class='ocrx_word' id='word_1_179' title='bbox 313 3712 343 3760; x_wconf 88' lang='lat' dir='ltr'><strong>of</strong></span> <span class='ocrx_word' id='word_1_180' title='bbox 358 3712 532 3775; x_wconf 80' lang='lat' dir='ltr'><strong>Cantarbury,</strong></span> <span class='ocrx_word' id='word_1_181' title='bbox 543 3716 590 3760; x_wconf 88' lang='lat' dir='ltr'><strong>not</strong></span> <span class='ocrx_word' id='word_1_182' title='bbox 610 3712 751 3776; x_wconf 77' lang='lat' dir='ltr'><strong>belonging</strong></span> <span class='ocrx_word' id='word_1_183' title='bbox 768 3717 796 3762; x_wconf 91' lang='lat' dir='ltr'><strong>to</strong></span> <span class='ocrx_word' id='word_1_184' title='bbox 811 3713 857 3762; x_wconf 85' lang='lat' dir='ltr'><strong>tho</strong></span> <span class='ocrx_word' id='word_1_185' title='bbox 874 3713 982 3774; x_wconf 81' lang='lat' dir='ltr'><strong>charoh,</strong></span> <span class='ocrx_word' id='word_1_186' title='bbox 993 3715 1027 3763; x_wconf 85' lang='lat' dir='ltr'><strong>be</strong></span> <span class='ocrx_word' id='word_1_187' title='bbox 1043 3713 1188 3775; x_wconf 79' lang='lat' dir='ltr'><strong>examined,</strong></span> <span class='ocrx_word' id='word_1_188' title='bbox 1199 3713 1250 3761; x_wconf 88' lang='lat' dir='ltr'><strong>and</strong></span> 
     </span>
    </p>
   </div>
   <div class='ocr_carea' id='block_1_7' title="bbox 313 3792 1251 4012">
    <p class='ocr_par' dir='ltr' id='par_1_7' title="bbox 313 3792 1251 4012">
     <span class='ocr_line' id='line_1_26' title="bbox 315 3792 1251 3858; baseline 0.002 -18"><span class='ocrx_word' id='word_1_189' title='bbox 315 3793 361 3841; x_wconf 84' lang='lat' dir='ltr'><strong>the</strong></span> <span class='ocrx_word' id='word_1_190' title='bbox 371 3807 470 3841; x_wconf 80' lang='lat' dir='ltr'><strong>owners</strong></span> <span class='ocrx_word' id='word_1_191' title='bbox 486 3792 629 3855; x_wconf 70' lang='lat' dir='ltr'><strong>presented</strong></span> <span class='ocrx_word' id='word_1_192' title='bbox 640 3793 707 3841; x_wconf 80' lang='lat' dir='ltr'><strong>t&#39;rom</strong></span> <span class='ocrx_word' id='word_1_193' title='bbox 718 3794 891 3858; x_wconf 86' lang='lat' dir='ltr'><strong>encroaohing</strong></span> <span class='ocrx_word' id='word_1_194' title='bbox 909 3810 980 3857; x_wconf 87' lang='lat' dir='ltr'><strong>upon</strong></span> <span class='ocrx_word' id='word_1_195' title='bbox 991 3795 1036 3844; x_wconf 89' lang='lat' dir='ltr'><strong>the</strong></span> <span class='ocrx_word' id='word_1_196' title='bbox 1047 3796 1132 3858; x_wconf 84' lang='lat' dir='ltr'><strong>rights</strong></span> <span class='ocrx_word' id='word_1_197' title='bbox 1144 3795 1174 3843; x_wconf 82' lang='lat' dir='ltr'><strong>of</strong></span> <span class='ocrx_word' id='word_1_198' title='bbox 1181 3793 1251 3842; x_wconf 78' lang='lat' dir='ltr'><strong>mille</strong></span> 
     </span>
     <span class='ocr_line' id='line_1_27' title="bbox 314 3868 1250 3935; baseline 0.001 -17"><span class='ocrx_word' id='word_1_199' title='bbox 314 3870 344 3918; x_wconf 80' lang='lat' dir='ltr'><strong>of</strong></span> <span class='ocrx_word' id='word_1_200' title='bbox 356 3870 402 3918; x_wconf 88' lang='lat' dir='ltr'><strong>the</strong></span> <span class='ocrx_word' id='word_1_201' title='bbox 419 3868 534 3928; x_wconf 84' lang='lat' dir='ltr'><strong>ohnrch;</strong></span> <span class='ocrx_word' id='word_1_202' title='bbox 554 3869 606 3917; x_wconf 81' lang='lat' dir='ltr'><strong>and</strong></span> <span class='ocrx_word' id='word_1_203' title='bbox 625 3868 648 3917; x_wconf 77' lang='lat' dir='ltr'><strong>if</strong></span> <span class='ocrx_word' id='word_1_204' title='bbox 667 3870 713 3918; x_wconf 85' lang='lat' dir='ltr'><strong>the</strong></span> <span class='ocrx_word' id='word_1_205' title='bbox 729 3870 829 3920; x_wconf 87' lang='lat' dir='ltr'><strong>ohuroh</strong></span> <span class='ocrx_word' id='word_1_206' title='bbox 839 3872 889 3920; x_wconf 82' lang='lat' dir='ltr'><strong>has</strong></span> <span class='ocrx_word' id='word_1_207' title='bbox 904 3872 1016 3921; x_wconf 83' lang='lat' dir='ltr'><strong>suffered</strong></span> <span class='ocrx_word' id='word_1_208' title='bbox 1027 3873 1143 3935; x_wconf 83' lang='lat' dir='ltr'><strong>damage,</strong></span> <span class='ocrx_word' id='word_1_209' title='bbox 1155 3872 1177 3920; x_wconf 88' lang='lat' dir='ltr'><strong>it</strong></span> <span class='ocrx_word' id='word_1_210' title='bbox 1189 3884 1250 3933; x_wconf 77' lang='lat' dir='ltr'><strong>may</strong></span> 
     </span>
     <span class='ocr_line' id='line_1_28' title="bbox 313 3947 642 4012; baseline -0.012 -14"><span class='ocrx_word' id='word_1_211' title='bbox 313 3949 413 4012; x_wconf 89' lang='lat' dir='ltr'><strong>compsl</strong></span> <span class='ocrx_word' id='word_1_212' title='bbox 425 3947 642 4012; x_wconf 82' lang='lat' dir='ltr'><strong>compensation]</strong></span> 
     </span>
    </p>
   </div>
   <div class='ocr_carea' id='block_1_8' title="bbox 251 4063 1251 4150">
    <p class='ocr_par' dir='ltr' id='par_1_8' title="bbox 251 4063 1251 4150">
     <span class='ocr_line' id='line_1_29' title="bbox 251 4063 1251 4150; baseline -0.001 -22"><span class='ocrx_word' id='word_1_213' title='bbox 251 4063 1251 4150; x_wconf 74' lang='lat' dir='ltr'><strong>HnNa10u8,rexAnglorum,etduxNormanniaeetAquitaniae,</strong></span> 
     </span>
    </p>
   </div>
   <div class='ocr_carea' id='block_1_9' title="bbox 476 4238 1030 4304">
    <p class='ocr_par' dir='ltr' id='par_1_9' title="bbox 476 4238 1030 4304">
     <span class='ocr_line' id='line_1_30' title="bbox 476 4238 1030 4304; baseline 0 -17"><span class='ocrx_word' id='word_1_214' title='bbox 476 4239 486 4272; x_wconf 77' lang='lat'>¹</span> <span class='ocrx_word' id='word_1_215' title='bbox 502 4238 572 4287; x_wconf 61' lang='lat' dir='ltr'><strong>Hieta</strong></span> <span class='ocrx_word' id='word_1_216' title='bbox 584 4238 652 4287; x_wconf 86' lang='lat' dir='ltr'><strong>Mon.</strong></span> <span class='ocrx_word' id='word_1_217' title='bbox 666 4239 705 4288; x_wconf 87' lang='lat' dir='ltr'><strong>St.</strong></span> <span class='ocrx_word' id='word_1_218' title='bbox 717 4240 783 4302; x_wconf 79' lang='lat' dir='ltr'><strong>Aug.</strong></span> <span class='ocrx_word' id='word_1_219' title='bbox 793 4241 842 4288; x_wconf 67' lang='grc'><strong>462</strong></span> <span class='ocrx_word' id='word_1_220' title='bbox 854 4238 925 4304; x_wconf 80' lang='lat' dir='ltr'><strong>(Bao.</strong></span> <span class='ocrx_word' id='word_1_221' title='bbox 939 4239 1030 4303; x_wconf 79' lang='lat' dir='ltr'><strong>Com).</strong></span> 
     </span>
    </p>
   </div>
   <div class='ocr_carea' id='block_1_10' title="bbox 0 0 1506 4972">
    <p class='ocr_par' dir='ltr' id='par_1_10' title="bbox 0 0 1506 4972">
     <span class='ocr_line' id='line_1_31' title="bbox 0 0 1506 4972; baseline 0 0"><span class='ocrx_word' id='word_1_222' title='bbox 0 0 1506 4972; x_wconf 95' lang='lat' dir='ltr'><strong> </strong></span> 
     </span>
    </p>
   </div>
  </div>
 </body>
</html>
