3000 4972
274 534 336 604 188
523 560 656 604 rmomr
677 558 1024 607 rrum-uouusuurcn.

271 710 313 774 ad
343 733 445 776 saeros
475 712 599 777 ordines
628 713 777 777 canonice
806 712 960 797 primatos
989 713 1096 793 fuisse,
1120 721 1154 779 et
1177 738 1197 780 a
1220 715 1271 780 die

272 821 479 887 ordinationis
516 845 581 886 suae
616 822 652 886 in
688 823 789 887 officio
826 823 1009 887 sacerdotali
1046 848 1144 909 usque
1189 848 1274 890 nuno

271 934 591 1018 irreprehensabiliter
614 934 821 1014 ministrasse,
836 935 914 1000 alios
938 959 1010 1001 vero
1030 944 1094 1001 tres
1110 938 1176 1003 dies
1200 961 1273 1004 suos

271 1045 455 1111 innocenter
478 1052 510 1110 et
533 1046 601 1110 sine
626 1046 751 1131 querela
765 1047 892 1111 duxisse
907 1047 1126 1131 cognovimus.
1171 1050 1274 1114 Testi-

271 1157 413 1222 monium
451 1163 558 1221 autem
594 1178 702 1222 eorum
739 1179 803 1222 non
833 1157 935 1222 solum
965 1158 1050 1222 fama
1076 1160 1273 1225 consentiens

271 1269 407 1348 roborat,
422 1292 532 1333 verum
556 1268 653 1334 etism
668 1274 701 1333 et
716 1291 772 1333 nos
788 1270 826 1333 ab
843 1269 913 1333 aliis
937 1269 1090 1354 legitimis
1115 1270 1191 1335 viris
1218 1271 1273 1356 qui

271 1381 305 1445 in
320 1381 467 1466 prasenti
482 1380 550 1445 vita
564 1381 666 1445 adhue
682 1388 849 1466 supersunt
864 1403 985 1445 necnon
1001 1389 1034 1447 et
1056 1382 1096 1447 ab
1123 1382 1192 1446 aliis
1218 1385 1273 1468 qui

271 1493 339 1578 jam
361 1492 514 1558 universae
538 1492 639 1556 camis
663 1491 748 1556 viam
775 1492 912 1576 ingressi
935 1499 1021 1558 sunt.
1076 1492 1167 1557 Idem
1191 1494 1274 1578 quod

270 1604 332 1689 ipsi
357 1608 502 1668 asserunt
517 1625 549 1667 se
564 1602 679 1667 vidisse
704 1603 826 1667 dudum
852 1604 1039 1688 aooepimus,
1055 1626 1128 1668 oum
1148 1605 1275 1671 ecelesia

274 1713 477 1779 Glouoestriae
487 1717 608 1778 motam
621 1713 733 1798 saepius
741 1714 850 1778 diebus
862 1715 1119 1798 praedeoessorum
1131 1738 1273 1793 meorum

271 1848 363 1909 super
376 1825 525 1909 praediota
539 1822 667 1888 ecelesia
682 1823 925 1887 controversiam
941 1824 1118 1891 suscitaret.
1148 1826 1274 1893 Extant

270 1942 304 2000 et
318 1933 384 2014 alii,
399 1941 466 1998 tam
489 1933 528 1998 de
554 1933 736 1999 hominibus
762 1934 888 1999 comitis
905 1935 1109 2000 Glouoestriae
1124 1960 1219 2023 quam
1235 1938 1273 2005 de

271 2047 389 2124 alionis,
404 2045 459 2130 qui
483 2045 648 2110 veritatem
674 2045 872 2111 abscondunt
897 2047 1149 2114 malivolentiam
1173 2051 1273 2137 ipsius

271 2158 427 2222 incurrere
441 2161 627 2235 metuentes,
643 2157 697 2221 sed
713 2157 752 2220 ad
767 2179 836 2221 eam
852 2158 1098 2242 testificandum,
1109 2161 1136 2224 si
1151 2184 1273 2229 neeesse

271 2266 369 2332 fuerit
404 2266 521 2345 abbati,
551 2273 656 2330 vestra
692 2272 845 2352 poterunt
881 2269 908 2332 si
946 2270 1049 2354 placet
1084 2273 1273 2341 auctoritate

271 2376 424 2463 compelli.
469 2376 591 2441 Valete.

414 2909 552 2990 [Morsus
574 2926 614 2971 or
636 2907 815 2971 Boaosnnr.
861 2907 975 2969 Asour
1000 2905 1126 2986 1156.]¹

273 3043 354 3109 [Writ
370 3043 398 3094 of
414 3044 603 3108 Nigol,bishop
619 3044 649 3092 of
663 3044 721 3107 my,
733 3042 862 3102 directing
872 3041 919 3090 the
938 3040 1066 3090 sherill'of
1080 3039 1233 3088 Glouoester
1243 3040 1272 3086 to

336 3125 439 3183 protect
451 3122 495 3169 the
505 3121 632 3184 plaintiffs
648 3121 675 3167 in
692 3121 737 3168 tho
755 3119 902 3182 possession
919 3116 949 3166 of
962 3117 1062 3165 oertain
1077 3115 1160 3176 lunds,
1173 3114 1225 3163 and
1243 3117 1272 3162 to

337 3198 370 3246 do
381 3198 453 3259 right
470 3201 498 3246 to
509 3199 581 3245 them
598 3212 668 3259 upon
687 3196 733 3244 the
751 3211 813 3244 mon
829 3196 887 3243 who
898 3194 944 3242 did
954 3193 1070 3242 violenos
1080 3195 1109 3239 to
1119 3191 1200 3250 them,
1211 3205 1271 3239 oon·

336 3279 410 3339 usry
421 3280 450 3324 to
460 3276 506 3323 tho
516 3275 601 3347 kings
612 3273 709 3337 sorita]

271 3378 442 3441 Nrosmus
457 3375 593 3439 Eliensis
608 3374 770 3459 episeopus
785 3379 817 3437 et
838 3372 913 3437 baro
938 3372 977 3436 de
1003 3369 1174 3448 Seaooario,
1190 3368 1271 3434 vioe·

271 3486 380 3552 oomiti
406 3486 445 3550 de
471 3485 758 3550 Glowecestresoira
782 3483 924 3549 salutem.
969 3481 1172 3566 Praeoipimus
1200 3480 1273 3558 tibi,

271 3604 309 3664 ut
323 3597 419 3662 facias
439 3595 607 3660 monachos
623 3594 661 3658 de
671 3592 854 3657 -Bordesleia
869 3600 973 3658 tenere
997 3616 1088 3657 suam
1102 3598 1219 3658 terram
1234 3592 1273 3656 de

271 3709 393 3777 cumbe
407 3708 485 3773 bene
500 3713 533 3771 et
548 3706 580 3769 in
596 3728 681 3790 paoe,
700 3704 782 3768 siout
796 3704 897 3768 saisiti
912 3711 987 3769 sunt
1001 3727 1056 3790 per
1069 3704 1163 3769 breve
1178 3702 1271 3788 regis.

270 3825 317 3888 Et
330 3819 401 3885 vide
416 3823 453 3883 ut
467 3817 581 3882 habeas
596 3815 636 3880 ad
652 3836 730 3900 opus
745 3814 830 3899 regis
844 3815 929 3900 quod
944 3820 1065 3880 rectum
1080 3822 1129 3881 est
1145 3814 1184 3879 do
1209 3813 1272 3879 illis

270 3933 326 4021 qui
355 3932 422 3997 vim
450 3927 630 3993 intulerunt
659 3925 817 4009 predictis
854 3925 1016 3990 monachis
1045 3948 1137 4011 super
1165 3924 1273 3989 brevia

270 4045 364 4130 regis.
408 4039 553 4106 Testibus
568 4037 730 4102 Willelmo
747 4037 862 4101 Cumin
878 4042 911 4101 et
926 4036 1071 4101 Johanne
1086 4035 1272 4102 Maresoallo

270 4157 353 4244 apud
368 4149 697 4220 westmonasterium.

524 4305 532 4338 ¹
551 4304 652 4362 Madox,
665 4303 737 4352 Hist.
749 4302 826 4351 Exoh.
838 4302 886 4349 142
898 4299 952 4364 (fol.
964 4299 1027 4364 oi).
