3000 4972
617 544 726 589 unvirv
752 547 772 589 1.
1138 527 1198 587 113

250 743 404 825 [Caraca
421 767 460 810 ar
476 749 654 811 Aniaonou
669 772 697 812 o.
712 748 784 812 fan
802 749 923 812 Kiva's
939 749 1154 813 Conancroaa

636 862 761 943 irrav

200 1002 301 1068 [Lands
312 1007 339 1054 in
352 1008 490 1057 Berkshira
499 1009 627 1072 adjudgod
634 1013 680 1058 not
687 1010 788 1072 subject
800 1013 828 1058 to
838 1014 883 1058 tax
893 1032 899 1068 ;
915 1025 931 1058 a
940 1025 1001 1058 man
1012 1010 1041 1057 of
1049 1010 1094 1057 tho
1102 1009 1199 1058 church

228 1085 335 1147 making
342 1086 405 1134 oath
411 1090 440 1134 at
449 1101 465 1134 a
471 1091 648 1150 countycourt
657 1088 812 1150 conoerning
819 1089 863 1137 the
873 1088 988 1137 freodom
994 1089 1072 1137 oithe
1081 1087 1163 1151 land]

195 1211 293 1274 Avito
325 1210 394 1274 III.
416 1219 488 1295 post
520 1211 643 1275 obitum
677 1212 788 1276 Faritii
819 1213 953 1292 abbatis,
988 1237 1061 1276 cnm
1095 1214 1198 1277 adbuc

195 1321 321 1385 abbatia
336 1322 402 1385 haec
417 1322 451 1385 in
467 1323 644 1386 attentione
659 1322 783 1387 abbatis
797 1322 920 1403 fuisset,
930 1330 962 1387 et
986 1347 1004 1386 a
1019 1323 1196 1388 considera·

194 1432 281 1496 tione
296 1433 384 1514 regia
398 1433 436 1496 ad
461 1433 492 1496 id
511 1432 757 1517 adipiscendum,
772 1432 947 1495 dominium
971 1433 1105 1496 ecclosiae
1129 1441 1197 1497 crat

194 1543 339 1626 quietum
354 1567 373 1607 a
387 1544 491 1627 geldis
506 1567 574 1628 quae
589 1543 801 1626 exigebantur
814 1544 849 1606 iu
864 1544 1018 1608 comitatu
1039 1545 1194 1608 universo.

196 1655 256 1718 Sed
293 1662 401 1719 tamen
439 1655 472 1717 in
510 1655 664 1719 comitatu
688 1655 887 1718 Berchescira
924 1679 943 1718 a
979 1654 1195 1718 collectoribus

194 1764 330 1847 amplius
374 1766 560 1849 exigebatur
597 1788 694 1851 quam
731 1765 903 1830 debebatur
948 1765 986 1829 de
1022 1764 1196 1848 gildatione

194 1874 329 1938 ecclesia
343 1876 564 1960 contingenti5
588 1882 620 1939 et
635 1877 693 1939 hoo
708 1875 899 1958 frequenter.
947 1875 1041 1939 Unde
1061 1875 1197 1940 clamore

194 1986 276 2069 apud
293 1986 413 2071 regiam
423 1986 584 2069 justitiam
601 1985 696 2064 facto,
711 1986 872 2049 decretum
887 1993 946 2065 cst,
960 1993 997 2049 ut
1023 1985 1135 2069 aliquis
1158 1987 1196 2050 de

194 2097 329 2160 ecelesia
354 2097 494 2160 affidaret
519 2096 581 2160 fide
606 2096 640 2158 in
664 2096 818 2160 comitatu
839 2097 989 2180 pradicto
1012 2104 1089 2181 quot
1113 2097 1197 2161 hidis

193 2206 359 2271 dominicis
374 2207 502 2271 ecclesia
516 2207 641 2271 deberet
656 2207 801 2291 quietari,
813 2207 932 2272 scilicet
946 2230 1001 2292 per
1016 2208 1196 2291 episcopum

195 2317 456 2383 salesberiensem
462 2319 636 2399 Rogerum,
645 2327 676 2381 et
685 2317 999 2400 pcrLincolniensem
1011 2319 1196 2398 Robertum,

193 2433 227 2490 et
250 2428 447 2491 Rannulsum
480 2428 711 2506 cancellarium,
738 2428 792 2511 qui
830 2429 1019 2492 nominatim
1057 2430 1196 2492 multum

192 2537 318 2622 adjuvit
352 2539 437 2617 inde,
472 2544 504 2602 et
542 2538 713 2602 Radnlfum
753 2539 873 2602 Basset.
920 2540 1033 2623 Itaque
1070 2540 1196 2604 sedente

193 2650 347 2715 comitatu
374 2650 456 2733 apud
481 2651 666 2727 Suttunam,
692 2657 724 2713 et
748 2648 909 2713 Willelmo
933 2649 972 2713 de
997 2651 1196 2713 Boebelande

193 2761 376 2825 vicecomite
413 2759 578 2837 existente,
614 2759 664 2823 die
702 2760 784 2822 lunae
821 2766 893 2843 post
929 2760 1044 2824 festum
1085 2761 1195 2825 Sancti

194 2871 329 2935 Martini
343 2871 496 2955 proximo,
508 2872 649 2953 Rogerus
665 2871 704 2934 de
721 2870 922 2948 Hartelvilla,
937 2871 1031 2933 homo
1047 2871 1193 2950 ecclesiae,

193 3006 249 3067 pro
273 2982 401 3046 ecclesia
423 2981 564 3045 affidavit
590 2981 682 3044 fidem
710 2981 744 3044 in
766 3003 862 3045 manu
877 2981 976 3065 ipsius
991 2982 1194 3060 vicecomitis,

193 3095 320 3159 vidente
344 3100 414 3158 toto
440 3093 601 3170 comitatu,
626 3092 711 3176 qnod
736 3093 776 3156 de
802 3092 916 3176 septies
941 3092 1019 3157 XX.
1045 3093 1128 3157 hidis
1154 3095 1193 3159 de

193 3205 332 3271 dominio
358 3205 484 3269 deberet
520 3204 649 3268 abbatia
679 3204 712 3267 in
744 3205 944 3268 Berchescira
973 3228 1038 3269 esse
1076 3205 1193 3290 quieta,

192 3317 318 3404 quando
343 3315 526 3399 gildarctur.
571 3315 659 3378 Tunc
675 3325 742 3378 crat
757 3315 905 3379 collector
923 3316 1095 3380 comitatus
1111 3318 1191 3381 AEd·

192 3430 309 3492 uuinus
334 3427 497 3511 presbyter
522 3426 560 3489 de
586 3426 681 3504 Celsi,
697 3434 729 3489 et
755 3427 885 3490 Samuel
911 3426 996 3490 filius
1017 3427 1095 3512 ejus.
1140 3429 1193 3493 Ibi

192 3541 321 3605 suerunt
358 3537 397 3601 de
434 3536 562 3614 nostris,
586 3537 745 3601 Robcrtus
782 3538 922 3616 sacrista,
954 3543 987 3600 et
1010 3536 1194 3604 Willelmus

193 3653 294 3729 Brito,
317 3658 349 3714 ct
371 3648 452 3712 alt-cr
473 3647 655 3711 Willelmus
688 3649 871 3726 monachus,
898 3656 930 3712 01
945 3648 1125 3712 Willelmus
1155 3651 1193 3715 de

193 3760 383 3839 Suveonrda,
406 3765 438 3823 et
474 3758 652 3831 'furstinus
679 3766 711 3823 et
746 3760 902 3823 Radull'us
935 3760 1133 3838 camerarius,
1160 3769 1192 3827 et

191 3873 285 3937 multi
301 3871 365 3934 alii.

397 4017 404 4048 ¹
424 4019 438 4065 2
457 4016 732 4077 Hist.u10n.nbingd.
746 4018 796 4065 160
807 4017 878 4079 (1100.
892 4016 984 4074 Com).
