3000 4972
246 555 308 616 als
490 572 623 615 raucus
648 568 997 615 suono-uommumcs.

373 846 375 850 ἱ
440 774 567 857 [Auuor
590 793 629 836 or
653 775 704 838 Sr.
730 775 884 838 Eouuuu.
934 774 1060 856 1187]Ι

246 934 346 998 [Lands
361 935 391 983 os
407 935 446 983 St.
460 934 581 982 lldmuud
599 935 696 997 having
714 936 779 983 boen
798 935 930 998 subjected
949 939 977 982 to
994 939 1188 993 amercements,
1208 935 1254 982 tho

311 1013 390 1062 abbot
402 1012 544 1073 complains
555 1011 642 1059 before
654 1013 699 1060 the
711 1012 781 1074 king,
793 1012 939 1074 exhibitlng
950 1012 1067 1060 chartors
1075 1015 1102 1058 to
1110 1012 1181 1059 show
1193 1012 1254 1059 tlrat

311 1091 352 1138 his
362 1091 437 1138 lands
448 1105 494 1138 aro
505 1095 551 1137 not
562 1090 663 1153 subject
675 1095 702 1138 to
714 1093 895 1138 amerooment.
930 1090 983 1137 Tho
991 1090 1055 1151 king
1064 1090 1161 1137 directa
1169 1104 1203 1136 an
1213 1090 1251 1136 in·

313 1167 437 1228 quisition
448 1166 536 1214 before
553 1167 598 1214 tho
615 1168 711 1216 barone
728 1165 756 1214 of
772 1167 818 1214 the
836 1167 986 1229 llxcbequor
1002 1172 1030 1214 to
1047 1167 1190 1215 determine
1208 1166 1255 1214 tho

309 1245 384 1292 truth
395 1244 424 1291 os
433 1244 478 1292 the
489 1248 587 1292 matter
594 1266 601 1303 ς
619 1245 664 1292 the
679 1245 761 1292 result
772 1244 850 1306 being
861 1246 888 1291 iu
900 1244 991 1292 favour
1002 1244 1031 1291 os
1040 1245 1084 1292 tho
1096 1243 1198 1306 abbot.]

247 1385 322 1449 Duo
337 1385 504 1448 comitatus
528 1383 711 1448 Norfolchia
727 1391 760 1448 et
776 1383 975 1447 Suthsolclria
1000 1383 1095 1468 positi
1121 1384 1253 1448 fuerunt

246 1494 279 1557 in
305 1495 516 1560 miseriooulia
543 1494 627 1577 regis
657 1518 677 1558 a
704 1494 889 1578 justiciariis
918 1495 1096 1559 errantibus
1124 1502 1255 1579 propter

246 1607 403 1690 quoddam
421 1606 664 1682 forisfacturam,
680 1613 712 1669 et
726 1605 827 1689 posite
841 1605 970 1671 fuerunt
987 1607 1025 1671 L.
1041 1627 1143 1669 marce
1159 1629 1254 1689 super

245 1716 474 1795 Norfolchiam,
483 1724 515 1781 et
527 1717 634 1780 XXX.
645 1740 739 1800 super
753 1716 951 1780 Sutfolciam.
975 1718 1101 1781 Etcum
1115 1717 1252 1801 quedam

245 1827 349 1911 porcio
379 1827 417 1891 de
448 1827 502 1891 illa
535 1827 695 1890 communi
727 1826 935 1891 misericordia
964 1834 1133 1912 poneretur
1158 1851 1254 1911 super

245 1945 343 2001 terras
362 1939 472 2002 Sancti
488 1937 664 2001 AEdmundi
681 1945 714 2002 et
730 1938 843 2002 acriter
857 1938 1047 2022 exigeretur,
1071 1938 1166 2002 abbas
1183 1937 1253 2002 siue

245 2047 332 2111 omni
359 2071 446 2110 mora
471 2047 551 2111 adiit
574 2048 737 2113 domiuum
765 2072 883 2133 regem,
907 2056 939 2113 et
962 2048 1141 2113 invenimus
1177 2072 1251 2113 cum

245 2158 330 2240 apud
348 2157 599 2235 clarendonam
622 2170 810 2243 ostensaque
824 2160 852 2223 ei
868 2165 954 2224 carta
976 2159 1060 2243 regis
1078 2160 1252 2238 AEdwardi,

243 2291 304 2353 que
327 2267 440 2332 liberas
466 2268 542 2333 facit
567 2277 665 2334 terras
692 2269 800 2333 Sancti
826 2270 1002 2334 AEdmuudi
1028 2271 1066 2335 dc
1101 2271 1252 2336 omnibus

243 2379 345 2463 geldis
371 2384 403 2442 et
426 2379 548 2458 scottis,
574 2381 712 2464 precepit
739 2403 792 2445 rex
817 2404 871 2465 per
894 2382 1001 2445 literas
1026 2405 1109 2459 suas,
1134 2387 1171 2446 ut
1195 2405 1252 2447 sex

244 2490 361 2554 milites
386 2489 424 2555 de
448 2490 599 2555 comitatu
624 2491 662 2555 de
689 2491 878 2555 Norforchia
893 2497 925 2556 et
939 2515 992 2556 sex
1017 2493 1055 2557 de
1073 2493 1251 2558 Sutfolchia

243 2608 517 2666 summonerentur
553 2601 592 2665 ad
630 2603 916 2687 recognoscendum
943 2626 1047 2667 coram
1076 2603 1250 2668 baronibus

243 2713 398 2791 scaccarii,
415 2720 521 2777 utrum
538 2713 679 2778 dominia
695 2713 804 2777 Sancti
821 2713 996 2777 AEdmundi
1011 2714 1159 2779 deberent
1181 2737 1249 2779 esse

243 2825 349 2908 quieta
364 2824 403 2888 de
417 2824 577 2888 communi
594 2824 823 2903 misericordia;
847 2832 880 2889 ct
903 2824 994 2890 electi
1020 2831 1096 2889 suut
1119 2829 1248 2888 tantum

244 2957 298 2999 sex
325 2933 453 3013 milites,
471 2939 506 2997 ut
532 2935 576 2998 ita
604 2941 781 3019 parceretur
806 2935 966 2999 laboribus
990 2941 1022 2998 et
1047 2934 1200 3019 expensis,
1216 2941 1250 2999 ct

243 3045 313 3109 ideo
328 3045 401 3128 quia
417 3045 597 3110 habuerunt
613 3053 711 3112 terras
734 3046 767 3108 iu
795 3052 928 3130 utroque
950 3045 1114 3124 comitatu,
1130 3046 1250 3110 scilicet

246 3156 411 3220 Hubertus
434 3157 473 3218 de
490 3157 676 3236 Briseword‚
693 3157 746 3220 W.
763 3156 847 3219 filius
865 3156 992 3234 Hervei,
1007 3163 1041 3221 et
1057 3156 1249 3221 Willielmus

243 3265 282 3328 de
315 3264 541 3343 Franchevilla,
573 3274 606 3331 et
638 3275 700 3331 tres
732 3266 798 3346 alii,
820 3266 873 3350 qui
910 3266 1088 3330 Londonias
1122 3266 1249 3331 iverunt

244 3373 419 3451 nobiscum,
443 3380 475 3438 ct
499 3398 537 3438 ex
564 3383 652 3459 parte
676 3378 808 3440 duorum
835 3376 1046 3441 comitatuum
1069 3376 1246 3442 libertatem

244 3482 370 3547 ecclesie
385 3490 490 3547 nostre
506 3493 765 3568 recognoverunt.
799 3488 820 3549 J
822 3487 974 3551 usticiarii
989 3494 1092 3551 autem
1110 3489 1248 3552 assiden-

244 3600 292 3656 tes
309 3593 540 3658 verumdictum
556 3594 682 3658 illorum
697 3596 948 3661 involaverunt.-

465 3849 558 3899 (lbron.
572 3853 627 3901 Jor.
638 3851 671 3901 dc
686 3855 787 3903 Brakcl.
800 3855 832 3907 47
847 3855 969 3918 (Camdeu
983 3856 1059 3917 Soc).
