3000 4972
248 526 269 590 8
497 543 632 589 annom
655 541 1006 588 suono-noannmucs.

246 696 511 782 praepositumque
519 695 729 780 impotentem
742 694 942 761 villicationis
960 694 1085 760 reddere
1095 693 1251 759 rationem

246 813 431 892 exponente,
455 806 583 871 tandem
609 811 681 890 post
704 805 843 890 plurium
858 807 1027 871 verborum
1051 806 1251 885 rotationem,

248 943 320 985 reus
345 942 451 984 coram
476 918 638 983 communi
660 917 780 1002 judicio
804 918 930 982 sistitur
954 917 1138 982 Rotbertus.
1186 916 1253 983 Qui

248 1037 372 1096 reatum
387 1030 541 1095 confitens
559 1052 631 1094 cum
656 1029 781 1094 veniam
806 1028 977 1121 flagitaret,
991 1028 1098 1092 decem
1125 1026 1251 1111 argenti

248 1142 337 1207 libris
351 1143 520 1223 decemque
535 1139 688 1205 frumenti
703 1139 901 1224 adjudicatus
916 1139 1041 1218 modiis,
1055 1160 1129 1202 cum
1144 1138 1250 1221 gratia

247 1252 490 1319 misericorditer
535 1251 720 1317 absolvitur.
766 1252 837 1316 Hoc
879 1256 1016 1335 peracto,
1053 1255 1086 1315 et
1121 1248 1249 1313 domino

249 1363 418 1428 Gausfrido
444 1362 471 1427 si
497 1362 573 1447 quid
598 1384 674 1446 erga
710 1362 815 1445 ipsum
847 1360 1049 1447 querimonia
1082 1365 1249 1444 praesentes

247 1474 398 1540 haberent
431 1472 623 1553 sciscitante,
654 1495 728 1538 curn
763 1472 949 1557 calumpnia
974 1471 1020 1534 nil
1045 1494 1064 1536 a
1089 1492 1249 1557 quoquam

248 1586 427 1666 referretur,
441 1585 529 1651 curia
542 1584 645 1649 soluta
659 1590 717 1650 cst.

252 2105 380 2189 [Annos
400 2107 570 2171 Gnusrnrn
592 2129 620 2172 o.
642 2108 714 2172 'Pan
738 2104 858 2170 Krnc’s
875 2104 1091 2170 concussores.
1123 2098 1249 2184 1101]ι

248 2251 286 2318 [Δ
297 2253 357 2317 ship
372 2269 434 2318 goes
445 2254 538 2305 cohors
548 2258 578 2304 at
589 2255 660 2319 Wye,
670 2254 748 2304 ladon
763 2253 829 2304 with
839 2254 912 2318 royul
923 2253 1064 2303 valuablss.
1099 2252 1154 2300 'she
1164 2250 1251 2314 lingis

310 2333 447 2383 collectore
458 2336 569 2383 cameto
588 2333 654 2382 seiza
671 2334 717 2382 the
735 2346 854 2382 sameas
870 2333 964 2381 wreck.
998 2330 1121 2380 Gansffid
1138 2329 1189 2378 and
1206 2328 1249 2377 his

310 2425 370 2459 men
381 2425 477 2472 opposc
487 2409 548 2469 this,
560 2409 612 2458 and
628 2424 645 2458 a
662 2410 804 2471 oomplar‘nt
822 2409 846 2459 is
863 2408 916 2458 laid
935 2407 1023 2458 belone
1042 2407 1088 2457 the
1107 2406 1185 2470 king;
1202 2405 1248 2455 the

310 2489 394 2537 moult
404 2488 483 2551 being
493 2487 521 2536 in
531 2487 626 2537 favour
636 2487 666 2537 of
680 2486 825 2552 Gaussrid.]

249 2604 317 2668 Sua
332 2603 431 2669 isdem
441 2603 552 2667 diebus
563 2625 663 2667 wareo
674 2602 812 2686 contigit
821 2603 853 2667 in
869 2600 1097 2686 Dengcmareis
1107 2600 1247 2666 membro

246 2716 285 2781 de
311 2716 376 2796 Wi,
399 2737 513 2781 navem
536 2715 682 2780 videlicet
706 2715 803 2799 regiis
828 2714 1021 2780 ornamentis
1047 2720 1080 2778 ct
1103 2713 1248 2798 operibus

245 2833 392 2892 onustam
422 2827 571 2892 fluctibus
600 2827 754 2910 jactatam
785 2848 860 2890 cum
891 2825 956 2889 illic
978 2825 1151 2910 appulisset
1173 2846 1247 2888 con·

245 2937 353 3020 fringi.
399 2937 504 3002 Quam
519 2960 591 3002 cum
608 2936 690 3000 infra
704 2943 863 3000 statutum
878 2935 1051 3000 torminum
1077 2958 1136 3018 pro
1162 2957 1247 2999 more

245 3068 387 3130 reparare
415 3046 608 3130 nequissent,
639 3047 719 3131 regii
748 3069 901 3111 accessere
938 3052 1105 3125 exactores,
1134 3067 1247 3109 navem

245 3179 318 3221 cum
333 3155 445 3239 opibus
462 3161 498 3220 ut
525 3157 645 3240 regiam
669 3157 834 3240 pecuniam
860 3157 893 3221 vi
920 3156 1061 3240 optinere
1086 3161 1246 3220 conantes.

245 3265 383 3330 Domino
412 3288 485 3330 vero
517 3266 685 3331 Gausfrido
715 3267 878 3332 obnitente
912 3288 986 3330 cum
1016 3266 1090 3346 suia,
1116 3267 1247 3331 tandem

245 3398 351 3441 coram
380 3375 476 3458 regiis
505 3376 635 3440 auribus
671 3378 730 3442 hac
766 3377 922 3442 ventilata
958 3377 1163 3463 querimonia,
1192 3401 1248 3443 rex

246 3508 365 3549 morem
402 3484 519 3549 servari
555 3486 695 3569 patrium
732 3486 851 3566 volens,
887 3486 1112 3574 ecclesiamque
1157 3512 1248 3554 suam

246 3595 402 3660 offendere
416 3617 541 3674 cavens,
553 3594 650 3679 jussit
681 3596 835 3682 quatinus
868 3620 925 3662 noc
959 3598 998 3662 de
1030 3622 1087 3662 sua
1119 3599 1247 3684 quidem

245 3705 379 3791 pecunia
398 3704 533 3788 propria,
556 3704 741 3790 cujusquam
763 3705 892 3770 ecclesia
912 3715 1073 3790 pateretur
1087 3710 1246 3794 injuriam,

245 3815 301 3882 scd
316 3813 397 3900 quod
412 3813 579 3897 appulsum
596 3814 699 3878 fuerat
713 3821 816 3880 totum
833 3816 966 3881 ecclcsiae
981 3827 1131 3886 maneret.

279 3953 329 4001 Sco
339 3951 385 3999 tho
396 3965 456 4000 case
467 3949 496 3999 of
505 3949 669 4014 Arohbishop
679 3950 710 4000 os
717 3950 881 4016 (lanterbury
893 3967 917 4001 o.
929 3953 1018 4004 Abbot
1028 3957 1059 4005 os
1075 3957 1172 4018 Battal,
1181 3961 1247 4020 post,

242 4046 269 4095 p.
281 4031 337 4089 143,
349 4029 378 4078 in
389 4029 434 4078 the
444 4043 507 4092 year
518 4030 591 4079 1139.

418 4231 427 4266 ¹
446 4230 540 4280 chron.
553 4233 622 4280 Mon.
635 4232 666 4281 de
679 4234 758 4293 Bello,
768 4235 801 4283 49
814 4236 893 4299 (Aug.
905 4237 986 4287 Chris
1000 4239 1079 4303 Soa).
