3000 4972
671 545 780 591 HENRY
804 547 824 591 1.

358 722 484 802 [Annor
507 723 663 786 Firmius
685 746 712 788 o.
735 724 906 803 Wrmrsrr,
927 743 991 787 run
1016 725 1134 790 Krrrs's

537 831 788 898 Oflsuennusrn.
835 837 960 918 1101.]1

250 987 319 1052 [Tho
330 989 447 1051 plaintiff
454 1006 573 1041 renovem
586 992 725 1056 judgment
737 995 764 1042 in
775 996 879 1055 respoot
890 994 920 1042 os
933 1009 950 1043 a
960 993 1077 1058 knight’s
1095 995 1142 1056 sse,
1160 995 1188 1044 in
1205 995 1250 1045 the

312 1081 437 1128 presenos
464 1069 494 1117 of
516 1071 560 1118 the
583 1070 645 1118 wiso
667 1086 735 1131 men,
759 1075 787 1120 to
814 1071 868 1130 wit,
897 1071 1007 1132 sheriffs,
1030 1072 1173 1136 justiniam,
1198 1073 1250 1122 ond

312 1147 429 1213 berone]

247 1275 311 1338 Esr
330 1274 424 1358 juxta
447 1276 667 1341 Abbendoniae
689 1278 828 1360 burgum
853 1278 948 1342 unius
975 1278 1087 1344 militis
1117 1281 1249 1359 mansio,

247 1407 317 1469 quae
345 1386 421 1450 Leia
446 1395 595 1466 voeatur5
630 1389 712 1452 haue
727 1389 918 1468 Willelmus,
942 1389 1025 1473 regis
1050 1391 1249 1470 camerarius,

247 1495 286 1558 de
324 1498 502 1574 Lundonia,
541 1500 681 1577 tenebat,
718 1499 772 1563 sed
808 1499 932 1562 nullum
970 1499 1042 1564 inde
1084 1501 1248 1565 servitium

247 1606 360 1671 militis
396 1609 447 1672 vel
483 1609 669 1694 homagium
706 1609 821 1674 domno
861 1609 979 1674 Faritio
1019 1609 1138 1690 abbati,
1175 1633 1248 1674 oum

246 1717 406 1782 abbatiam
443 1720 545 1803 primo
582 1721 778 1804 suscepisset,
808 1720 987 1806 impendere
1023 1721 1158 1786 volebat.
1203 1723 1249 1787 Et

246 1830 385 1912 contigit
409 1831 529 1895 interea
552 1837 590 1895 ut
613 1854 669 1896 rex
696 1831 856 1896 Henrious
881 1837 990 1896 eontra
1006 1831 1138 1897 fratrem
1154 1856 1247 1897 suum

246 1940 433 2021 Robertum,
445 1943 650 2007 Normnnniae
661 1943 821 2024 comitem,
831 1964 924 2028 super
939 1966 971 2007 se
994 1943 1027 2007 in
1043 1943 1164 2028 Anglia
1175 1966 1248 2009 eum

246 2053 383 2117 exercitu
394 2053 585 2133 venientem,
598 2054 697 2118 totius
712 2054 804 2138 regni
819 2054 868 2118 sui
879 2054 1111 2138 expeditionem
1127 2055 1249 2139 dirigit.

245 2163 327 2226 Tum
375 2163 472 2229 abbas
518 2188 537 2228 a
573 2165 736 2231 Willelmo
781 2165 1089 2249 repraesentationem
1136 2165 1249 2232 militis

244 2281 422 2358 expectens,
446 2298 502 2341 neo
529 2276 568 2340 ab
594 2278 661 2361 ejus
687 2277 930 2362 importunitate
958 2276 1144 2361 impetrans,
1173 2299 1248 2360 pru·

244 2386 356 2450 denter
378 2386 411 2449 id
437 2386 584 2465 sustinet,
608 2393 640 2451 et
666 2387 801 2451 militem
832 2386 899 2470 ipse
922 2387 1091 2471 quaesitum
1114 2387 1248 2451 alterum

244 2495 405 2580 supponit.
450 2497 572 2561 Verum
587 2518 661 2580 rege
675 2497 765 2561 fratri
781 2519 838 2561 suo
852 2496 938 2581 pacis
954 2495 1131 2560 firmatione
1146 2496 1248 2576 unito,

244 2607 367 2671 abbatis
396 2606 531 2671 testibus
568 2629 672 2671 eoram
709 2606 862 2685 deductis,
888 2605 973 2689 quod
1010 2605 1145 2670 militem
1181 2607 1247 2670 haec

244 2717 397 2801 possessio
427 2724 567 2802 tempore
598 2717 728 2782 senioris
763 2716 848 2800 regis
877 2715 1033 2779 Willelmi
1063 2722 1095 2779 et
1124 2715 1248 2780 abbatis

245 2827 374 2892 Adelmi
398 2827 530 2905 invenit,
545 2850 630 2890 nune
656 2849 729 2891 vero
756 2849 828 2890 eum
852 2825 999 2910 regnanti
1024 2825 1092 2909 regi
1108 2827 1247 2891 Henrieo

243 2945 276 3003 et
302 2939 410 3003 eodem
434 2938 594 3022 indigenti
617 2941 777 3001 retentum
806 2936 910 3021 palam
935 2934 1042 3014 fuerit,
1069 2935 1191 3001 tamdiu
1213 2938 1246 3023 in

242 3049 409 3134 praesentia
433 3048 626 3133 sapientium
651 3049 733 3112 hane
758 3070 824 3113 rem
850 3046 996 3111 ventilari
1019 3046 1106 3125 fecit,
1132 3053 1169 3110 ut
1193 3047 1246 3111 ille

242 3167 390 3225 neutrum
420 3165 562 3243 negaret,
592 3160 689 3223 immo
720 3157 813 3222 fateri
843 3157 887 3220 sic
918 3179 982 3221 esse
1021 3180 1093 3221 vera
1126 3158 1247 3223 ratione

243 3278 420 3354 cogeretur.
467 3270 562 3333 Unde
587 3291 660 3333 oum
690 3269 762 3353 lege
791 3268 904 3352 patriae
935 3268 1095 3333 decretum
1125 3292 1246 3353 prooes-

243 3383 336 3447 sisset
351 3383 456 3466 ipsum
472 3387 628 3445 exsortem
655 3387 745 3444 terrae
772 3379 884 3444 merito
910 3378 1022 3443 debere
1048 3379 1126 3458 fieri,
1149 3379 1246 3444 inter·

241 3492 411 3578 pellatione
448 3492 612 3567 bonorum,
644 3493 698 3576 qui
738 3491 923 3568 intererant,
954 3490 1105 3569 virorum,
1142 3491 1247 3556 reddit

241 3605 475 3669 terramillam
502 3603 550 3667 illi
580 3626 616 3668 eo
647 3610 766 3680 tenore,
793 3603 877 3687 quod
907 3601 1088 3666 Willelmus
1117 3603 1246 3666 effeetus

242 3723 291 3781 est
316 3716 410 3780 homo
434 3715 543 3799 ipsiuS,
558 3721 591 3779 et
612 3714 719 3779 deeem
734 3712 830 3777 libras
846 3735 902 3796 pro
916 3712 1133 3777 emendatione
1148 3712 1246 3792 dedit,

243 3833 276 3892 et
295 3826 459 3891 servitium
483 3826 577 3890 unius
595 3825 708 3889 militis
726 3825 825 3888 facere
843 3823 936 3887 debet
950 3822 984 3886 in
1000 3823 1087 3886 omni
1102 3822 1169 3886 loeo
1191 3823 1246 3886 ubi

242 3937 346 4002 coeteri
357 3936 499 4001 homines
510 3934 775 4000 ecolesiaefneiunt
784 3933 948 3998 servitium
959 3933 1111 4012 militum,
1118 3938 1150 3997 et
1165 3931 1245 3995 nulli

243 4073 382 4135 unquam
400 4050 494 4115 debet
510 4048 598 4112 illam
620 4053 737 4111 terram
757 4045 900 4125 vendere,
933 4044 983 4109 vel
1004 4043 1244 4121 vadimonizare,

457 4271 465 4304 ¹
481 4275 498 4321 2
510 4272 579 4321 Hist.
596 4271 664 4320 Mon.
675 4269 789 4332 Abingd.
802 4269 850 4317 128
862 4267 933 4332 (Boo.
946 4264 1038 4326 Gom).
