3000 4972
618 546 727 592 HENRY
752 549 788 596 11.
1136 536 1196 598 231

198 692 347 774 audisset,
355 697 502 782 precepit
516 697 561 762 eis
577 699 758 764 Lundonias
768 701 884 780 venire,
893 708 930 766 ut
945 702 1060 770 ibidem
1070 704 1199 770 oonsilio

197 803 349 868 comitum
371 812 406 869 et
428 806 581 873 baronum
605 833 732 874 suorum
757 812 801 876 eis
827 814 998 878 seeundum
1024 823 1144 881 rectum
1166 821 1200 881 et

197 914 305 996 patriae
320 919 575 985 consuetudinem
591 922 793 987 satisfaceret.
838 925 929 988 Tune
942 925 1029 991 misit
1054 923 1109 992 rex
1134 950 1197 992 ser-

197 1023 317 1089 vientes
341 1048 422 1105 suos,
437 1035 470 1093 et
485 1029 625 1096 saisiavit
650 1031 683 1095 in
708 1055 805 1097 manu
825 1056 883 1098 sua
905 1058 1013 1101 omnes
1036 1037 1199 1102 thesauros

195 1136 335 1218 praedieti
350 1139 485 1206 comitis.

512 1251 560 1302 See
572 1252 704 1318 Glossary,
718 1255 873 1316 Emptioms.

402 1780 503 1865 [Cese
525 1801 564 1846 oe
588 1782 679 1848 Jeme
702 1784 823 1847 Senex.
871 1783 1001 1868 1177.]1

196 1938 263 2003 [The
278 1941 426 2001 defendant,
439 1948 478 1992 “a
488 1947 558 1993 most
569 1944 646 1993 noble
663 1944 715 1993 and
726 1944 842 2008 weelthy
852 1943 971 2007 pernen?
983 1943 1007 1994 ie
1023 1942 1159 1993 eonvioted
1169 1943 1200 1993 of

258 2020 367 2082 robbety
379 2021 414 2083 by
426 2021 471 2069 the
482 2021 569 2070 ordeel
580 2019 610 2070 of
619 2024 709 2071 water.
743 2021 785 2070 He
796 2022 873 2072 offers
884 2037 978 2086 money
986 2021 1026 2070 sor
1034 2020 1074 2070 hie
1085 2020 1139 2082 lire,
1147 2021 1197 2071 but

257 2097 367 2145 without
378 2096 468 2161 avait]

192 2223 296 2287 Ima
310 2227 451 2290 eaeteros⁹
466 2248 540 2291 vero
555 2226 610 2310 qui
624 2225 708 2311 capti
723 2226 859 2308 fuerant,
870 2231 981 2312 eaptus
992 2223 1056 2289 fuit
1066 2224 1195 2309 quidam

191 2334 405 2400 nobilissimus
434 2341 468 2401 et
500 2336 675 2401 ditissimus
711 2336 829 2402 civium
860 2335 1111 2415 Lundoniarum,
1140 2333 1195 2420 qui

190 2446 371 2511 nominatus
386 2451 453 2512 erat
468 2448 629 2512 Johannes
645 2449 756 2513 Senex.
803 2446 867 2514 Qui
882 2469 954 2512 cum
971 2469 1025 2532 per
1037 2445 1195 2532 judicium

190 2579 277 2640 aquae
292 2580 324 2622 se
340 2557 491 2622 mundare
506 2580 569 2622 non
584 2564 700 2643 posset,
715 2558 833 2623 obtulit
857 2557 1049 2642 quingentas
1074 2578 1195 2621 marcas

190 2668 315 2749 argenti
330 2667 458 2732 domino
473 2667 540 2752 regi
555 2691 611 2752 pro
627 2668 693 2733 vita
709 2668 861 2732 habenda.
895 2667 957 2732 Sed
972 2666 1045 2752 quia
1060 2665 1125 2750 ipse
1140 2687 1194 2750 per

189 2779 343 2865 judicium
358 2802 445 2865 aquae
460 2780 602 2864 perierat,
619 2779 721 2842 noluit
735 2778 876 2842 denarios
902 2777 972 2841 illos
997 2777 1145 2862 accipere,
1160 2782 1193 2840 et

190 2890 337 2974 praeeepit
354 2898 390 2955 ut
404 2890 560 2976 judicium
575 2891 613 2954 de
628 2912 664 2954 eo
679 2889 776 2966 fieret,
793 2895 825 2953 et
840 2911 1006 2974 suspensus
1021 2893 1080 2954 est.

274 3367 394 3452 [Pmon
417 3369 533 3432 Roemz
557 3390 585 3432 v.
609 3369 723 3432 Aeeoe
744 3385 784 3431 oe
807 3367 857 3429 ST.
882 3366 930 3429 M.
979 3362 1110 3447 1177.]⁸

189 3516 258 3583 [The
277 3518 418 3568 defendant
437 3519 536 3582 having
562 3518 717 3580 feloniously
736 3516 836 3566 oerried
855 3530 929 3580 away
946 3514 992 3563 the
1013 3512 1083 3576 body
1099 3511 1130 3560 of
1149 3509 1189 3560 st.

252 3597 344 3644 Petroe
357 3597 422 3645 from
438 3597 485 3645 the
502 3596 637 3658 plaintifl'e
656 3596 742 3657 abbey
761 3600 789 3643 to
805 3595 850 3643 the
869 3594 953 3656 ebbey
972 3591 1001 3641 of
1020 3591 1060 3640 St.
1079 3590 1123 3649 M„
1142 3588 1189 3637 the

251 3672 367 3733 plaintiff
380 3673 484 3721 obtains
495 3674 541 3721 the
551 3673 636 3736 kings
647 3673 707 3720 writ
718 3672 821 3734 against
832 3671 877 3719 the
888 3671 968 3719 abbot
979 3667 1008 3718 of
1017 3668 1078 3716 thet
1094 3667 1187 3730 ebbey,

252 3748 374 3811 ordering
384 3749 438 3797 him
449 3753 478 3798 to
489 3753 587 3799 restore
598 3749 643 3798 the
653 3749 730 3812 body,
742 3748 827 3798 whioh
837 3749 860 3796 is
870 3747 960 3811 finally
967 3743 1056 3810 done]

186 3881 305 3942 Eomffl
327 3900 409 3942 anno
434 3879 562 3962 quidam
587 3879 755 3943 eanonicus
778 3879 816 3943 de
838 3878 964 3942 abbatia
978 3874 1187 3953 Bothmeniae,

332 4078 340 4112 ¹
361 4081 375 4128 l
389 4079 553 4132 Benediotns.
564 4078 645 4127 Gesta
653 4079 719 4128 Heu.
731 4078 776 4137 11.,
788 4078 836 4127 156
847 4076 921 4140 (Ree.
931 4075 1021 4138 Com).

329 4156 339 4187 ²
357 4156 475 4205 Aeoueed
487 4156 516 4203 os
523 4156 642 4216 robbery.

329 4234 340 4265 ³
359 4236 371 4282 1
385 4234 549 4290 Benedictus,
562 4233 641 4281 Gesta
655 4227 1016 4292 nen.11.‚178(R00.com.).
