3000 4972
242 510 282 571 56
495 527 628 572 aarum
650 528 999 576 meno-noanamrm.

340 728 479 810 [Bienor
501 748 541 793 on
563 730 715 796 Deauan
737 754 765 796 e.
790 732 939 796 Gmaaar
962 753 1003 796 na
1027 734 1149 817 Gran]

287 891 327 953 In
354 890 497 973 Wilgebi
520 891 664 956 hundred
688 893 806 957 clamat
835 893 998 979 episeopus
1023 895 1246 962 Dunelmensis

243 1023 336 1084 super
351 1001 565 1065 Gislebertum
588 1002 627 1066 de
651 1003 745 1067 Gand
763 1011 882 1068 terram
897 1005 999 1069 Alnot
1013 1006 1198 1092 presbyteri,
1214 1016 1247 1073 et

242 1109 355 1174 dieunt
365 1111 507 1176 homines
522 1112 561 1176 (le
576 1113 704 1198 treding
718 1115 803 1198 quod
818 1136 983 1199 nunquam
995 1116 1144 1182 viderunt
1158 1126 1246 1183 ante·

242 1243 393 1286 cessorem
409 1223 545 1307 episcopi
560 1223 656 1288 fuisse
671 1224 816 1289 saisitum
826 1247 927 1310 neque
938 1249 994 1311 per
1008 1227 1135 1293 brevem
1145 1251 1247 1314 neque

243 1355 298 1415 per
307 1332 460 1418 legatum,
476 1341 509 1399 et
520 1340 681 1399 testantur
696 1335 735 1399 ad
750 1358 828 1420 opus
844 1335 1026 1402 Gisleberti.

441 1918 580 2001 [B1snor
603 1936 641 1980 oa
665 1917 814 1979 Danaam
838 1935 903 1979 mo
925 1916 1046 1998 Euae]

288 2069 337 2134 Dc
370 2071 551 2156 calumpnia
588 2071 671 2135 inter
711 2070 892 2154 episcopum
930 2069 1176 2134 Dunelmensem
1214 2072 1247 2130 et

245 2180 410 2246 Eudoncm
443 2182 545 2245 filium
581 2181 755 2265 Spircunic,
783 2186 994 2264 portaverunt
1023 2178 1245 2244 testimonium

245 2290 387 2357 homines
402 2293 440 2356 de
454 2293 663 2357 Hornecastre
676 2296 836 2376 wapentac
852 2297 1012 2355 annuente
1028 2297 1096 2355 toto
1108 2288 1246 2370 treding,

244 2403 328 2486 quod
355 2404 422 2468 III.
456 2404 568 2467 fratres
603 2401 724 2466 Herold
755 2408 787 2465 et
820 2401 980 2466 Godeuert
1010 2408 1042 2465 et
1065 2400 1175 2464 Aluric
1199 2399 1246 2462 di-

243 2514 388 2578 viserunt
421 2513 612 2578 dominicam
647 2518 764 2576 terram
803 2513 901 2596 patris
940 2513 988 2576 sni
1022 2511 1184 2596 aqualiter
1213 2517 1247 2574 et

243 2625 394 2711 pariliter,
409 2632 443 2690 et
466 2624 663 2689 solummodo
688 2624 807 2688 Herold
832 2631 864 2688 et
887 2623 1047 2688 Godeuert
1069 2623 1247 2687 diviserunt

242 2761 345 2802 socam
357 2737 456 2822 patris
471 2736 518 2800 sui
535 2736 601 2800 sine
617 2735 713 2800 tercio
728 2734 833 2813 frat-re,
849 2742 881 2799 et
896 2734 1050 2819 eepraliter-
1061 2740 1092 2798 et
1106 2733 1246 2817 pariliter

247 2856 417 2915 tenuerunt
429 2872 497 2915 earu
515 2857 655 2931 tempore
671 2846 754 2930 regis
771 2847 928 2910 Edwardi.

599 3424 706 3504 [Sana
728 3422 891 3502 Paariaa]

288 3588 337 3653 De
353 3609 423 3651 soca
434 3586 494 3648 VI.
511 3584 698 3648 bovatarum
712 3582 794 3645 unde
809 3587 857 3645 est
872 3577 1053 3663 calumpnia
1068 3577 1151 3641 inter
1165 3575 1245 3659 epis·

241 3721 356 3785 eopum
391 3702 423 3760 et
451 3694 616 3758 Eudonem
638 3693 670 3756 in
694 3692 878 3776 Langetene
900 3696 932 3754 et
961 3690 995 3752 in
1018 3694 1101 3772 torp,
1133 3687 1246 3750 dieunt

243 3810 386 3876 homines
415 3806 454 3869 de
484 3803 686 3888 Waragelrou
711 3807 873 3886 wapentac
907 3799 991 3884 quod
1015 3796 1158 3881 praedicti
1183 3796 1245 3859 duo

243 3925 356 3987 fratres
379 3914 531 4001 equaliter
557 3920 589 3977 et
610 3913 751 3996 pariliter
772 3910 950 3974 habuerunt
974 3931 1079 3972 socam
1106 3914 1245 3991 tempore

243 4030 327 4116 regis
343 4025 492 4092 Edwardi
517 4024 571 4089 sed
593 4047 629 4089 eo
650 4045 732 4086 anno
755 4045 817 4106 quo
839 4021 937 4084 isdem
961 4041 1016 4083 rex
1039 4023 1183 4081 mortuus
1198 4021 1247 4080 est

242 4143 302 4210 filii
318 4138 478 4204 Godeucrt
502 4135 660 4200 habebant
686 4156 788 4198 socam
813 4138 926 4211 totam,
941 4131 995 4195 sed
1018 4130 1247 4212 nescientque

242 4254 362 4321 ratione
379 4272 448 4313 eam
464 4247 633 4327 habebant,
650 4254 758 4309 utrum
778 4245 819 4323 vi,
835 4243 885 4308 vel
901 4244 982 4308 dono
998 4242 1103 4325 patrui
1124 4240 1183 4306 sui.
