3000 4972
307 570 348 632 68
552 585 687 631 emcrrr
710 582 1067 631 uncto-uouuunmcn.

305 738 495 818 oxeneford,
510 761 566 824 pro
592 738 779 823 quibusdam
809 737 867 802 sub
893 736 980 800 illius
1001 756 1099 799 manu
1120 730 1311 818 degentibus

304 854 339 913 et
352 848 460 914 abbati
475 848 626 933 injurium
642 848 858 927 inferentibus,
874 846 1063 926 transmisit,
1078 845 1124 909 ita
1137 843 1296 929 jubendo:

349 959 565 1038 Wuillelmus,
580 981 636 1023 rex
650 958 842 1042 Anglorum‚
859 960 951 1022 Petro
966 957 1004 1021 de
1021 955 1209 1032 Oxeneford,
1225 953 1309 1018 salu·

305 1075 382 1135 tem.
429 1069 544 1134 Sciatis
559 1069 642 1154 quod
657 1069 729 1135 volo
744 1076 776 1134 et
791 1068 936 1154 praecipio
951 1073 990 1132 ut
1011 1066 1108 1131 abbas
1135 1064 1311 1130 Rainsldus

305 1178 344 1245 de
368 1180 575 1259 Abbendona‚
602 1187 634 1245 et
660 1180 807 1244 monachi
832 1179 967 1245 ecclesiae
994 1201 1067 1256 suae,
1096 1176 1143 1242 ita
1171 1176 1249 1240 bene
1278 1180 1312 1240 et

305 1291 474 1356 honorifice
488 1297 521 1356 et
535 1290 639 1375 quiete
654 1291 792 1355 habeant
808 1296 841 1355 et
856 1294 986 1355 teneant
1009 1310 1119 1353 omnes
1142 1293 1310 1352 consuetu-

306 1400 395 1467 dines
409 1424 481 1465 suss
495 1401 612 1486 ubique
627 1401 661 1464 in
676 1401 823 1465 omnibus
837 1400 940 1479 rebus,
955 1399 1037 1463 sicut
1058 1397 1171 1462 melius
1195 1396 1311 1460 habue-

306 1517 383 1576 runt
397 1517 538 1597 tempore
553 1511 637 1595 regis
652 1511 831 1590 Esdwardi,
847 1516 880 1576 et
901 1517 1042 1593 tempore
1066 1508 1166 1593 patris
1191 1506 1265 1585 mei,
1279 1511 1313 1571 et

306 1622 414 1686 nullus
441 1622 536 1687 homo
563 1622 602 1686 iis
628 1622 701 1687 inde
727 1622 864 1707 amplius
890 1621 1041 1705 injuriam
1071 1619 1176 1684 faciat.
1220 1619 1312 1682 Teste

307 1732 445 1797 Rsunlfo
474 1732 645 1824 capellano.
700 1734 746 1796 Et
776 1733 823 1796 sac
852 1732 961 1796 abbati
1000 1729 1149 1814 praedicto
1185 1727 1312 1813 plenem

306 1841 528 1907 rectitudinem
544 1842 582 1907 de
597 1842 718 1921 Eudwi,
733 1843 898 1926 praeposito
914 1847 981 1920 tuo,
997 1849 1030 1905 et
1047 1841 1086 1905 de
1108 1839 1178 1903 aliis
1201 1836 1312 1902 minis·

306 1950 367 2015 tris
381 1951 457 2030 tuis,
472 1951 526 2036 qui
541 1952 703 2016 monachis
718 1952 784 2016 suis
798 1952 950 2037 injuriam
965 1951 1117 2017 fecerunt.

343 2136 430 2203 [King
441 2138 526 2189 Rufus
536 2138 588 2188 had
599 2140 749 2203 previously
756 2137 845 2204 (1087)
856 2139 968 2205 granted
977 2140 1023 2188 the
1033 2136 1165 2200 following
1174 2137 1278 2187 ohurter
1286 2136 1314 2184 in

307 2213 401 2266 favour
411 2215 441 2265 of
447 2216 494 2266 the
504 2216 589 2281 sbbsy
599 2221 629 2266 st
639 2217 778 2281 Abingdon
787 2217 840 2281 =-]

344 2355 559 2435 Willielmus,¹
575 2379 631 2421 rex
645 2356 782 2440 Angliae,
794 2356 1031 2422 vicecomitibus
1046 2354 1122 2434 suis,
1130 2353 1164 2418 in
1180 2376 1313 2440 quorum

308 2465 579 2532 vicecomitntibus
591 2467 718 2532 abbatia
727 2465 766 2532 de
774 2467 984 2532 Abbendonia
994 2472 1092 2532 terras
1103 2467 1198 2531 habet
1204 2515 1214 2545 ,
1229 2465 1313 2530 salu·

282 2636 287 2643 .
310 2583 389 2642 tem.
435 2576 587 2661 Praecipio
599 2583 637 2642 ut
651 2584 723 2642 totu
737 2583 820 2642 terra
834 2577 968 2642 abbatiae
984 2578 1022 2642 de
1036 2577 1246 2642 Abbendonia
1267 2577 1315 2642 itu

311 2685 391 2752 bene
405 2693 439 2752 et
453 2686 588 2771 pleniter
602 2686 715 2752 habeat
730 2689 855 2752 sacham
871 2711 960 2774 suam
975 2693 1008 2753 et
1023 2688 1149 2752 sochsm
1158 2692 1191 2752 et
1205 2709 1313 2752 omnes
1428 2690 1432 2698 “

307 2798 548 2863 consuetudines
564 2821 646 2878 suus,
662 2799 744 2863 sicut
758 2800 872 2865 melius
892 2798 1006 2864 hebuit
1029 2805 1062 2864 et
1087 2798 1210 2884 plenius
1233 2804 1313 2864 tem-

307 2931 384 2993 pore
399 2909 484 2992 regis
496 2910 679 2974 Eaduuurdi
694 2915 727 2974 et
740 2909 839 2994 putris
850 2910 931 2988 mei;
955 2916 988 2975 et
1002 2909 1133 2974 defendo
1144 2932 1184 2974 ne
1199 2909 1313 2994 uliquis

307 3019 381 3083 inde
395 3019 545 3103 injuriam
560 3019 666 3084 faciat.
710 3021 803 3085 Teste
818 3021 949 3085 Eudone
963 3019 1113 3104 dapifero,
1124 3042 1179 3104 per
1191 3019 1312 3084 deul·

307 3128 376 3192 fum
400 3128 439 3194 de
454 3130 659 3213 'Languetot
685 3131 769 3214 apud
796 3132 928 3215 Legum.
974 3131 1021 3195 Et
1045 3130 1243 3195 hundredum
1273 3130 1312 3194 de

310 3238 499 3304 Homimere
514 3240 669 3320 similiter,
684 3241 767 3305 siout
781 3248 857 3306 tunc
872 3242 1023 3327 temporis
1038 3240 1161 3321 habuit,
1176 3240 1311 3306 testibus

307 3347 474 3433 praedictis.

505 3560 513 3592 ¹
530 3561 547 3608 2
559 3559 628 3610 Hist.
640 3560 709 3609 Mon.
720 3560 832 3625 Abingd.
846 3559 877 3612 17
890 3562 962 3623 (Boc.
973 3562 1065 3626 Gom).
