3000 4972
254 536 316 595 258
495 520 627 599 eunoici
650 555 998 605 memnonunuuros.

251 702 378 782 tunniae,
409 709 442 768 et
472 708 575 768 comes
608 705 811 789 Andegaviae,
845 709 1084 774 vicecomitibus
1117 712 1186 776 suis
1224 719 1261 777 et

250 810 415 891 ministris,
445 815 590 880 salutem.
646 817 795 901 Praeeipio
819 820 901 902 quod
930 825 1000 884 totu
1024 828 1111 886 terra
1141 845 1256 887 mona·

250 922 379 986 chorum
396 924 599 989 Gloucestrioe
615 927 657 991 sit
672 927 771 992 libera
785 936 818 993 et
832 930 940 1014 quiete
955 930 993 996 de
1008 931 1149 1016 ceringio
1172 956 1257 1011 meo,

250 1036 283 1095 et
305 1034 493 1117 summugio,
520 1042 552 1099 et
582 1036 749 1115 conductu,
774 1044 807 1103 et
837 1040 985 1104 omnibus
1014 1041 1257 1124 operationibus

251 1143 338 1208 meis.
383 1144 474 1208 Teste
490 1145 609 1209 Thomu
624 1147 816 1213 cancellario.

408 1650 576 1732 [Rnuunn
601 1675 626 1715 u.
644 1651 756 1712 Anuor
779 1669 818 1712 or
841 1649 1093 1734 Gnouonsrsu.]¹

251 1798 333 1859 [Offer
349 1800 377 1848 of
393 1801 468 1862 proci
484 1802 517 1864 by
530 1802 575 1850 the
592 1801 646 1849 ouri
657 1800 688 1847 of
702 1800 836 1858 nereford,
854 1801 881 1848 in
897 1798 991 1848 favour
1002 1800 1031 1849 of
1042 1800 1088 1849 tho
1099 1799 1251 1851 defendunt

635 1893 665 1926 us
677 1882 705 1926 to
717 1877 778 1926 lund
789 1882 818 1925 ut
830 1876 873 1940 R.]

248 2013 412 2086 Humum,
433 2014 500 2097 regi
524 2013 659 2097 Angliae,
676 2014 748 2078 duci
772 2013 976 2078 Normanniae
999 2020 1032 2077 et
1054 2014 1251 2098 Aquitaniae,

245 2127 277 2185 et
303 2122 412 2185 comiti
438 2122 644 2206 Andegeviae,
669 2123 797 2187 domino
823 2146 878 2188 suo
903 2122 1073 2201 carissimo,
1100 2124 1250 2207 Rogerus

244 2253 347 2295 eomes
365 2231 566 2310 Herefordiae‚
582 2232 726 2296 salutem.
773 2232 887 2296 Sciatis
902 2231 985 2317 quod
1000 2254 1070 2316 ego,
1086 2237 1120 2297 et
1139 2238 1249 2298 totum

245 2341 442 2404 hundredum
459 2341 568 2425 inquo
585 2349 632 2406 est
648 2343 785 2406 berredo
807 2342 936 2426 Rugge‚
951 2364 1046 2426 quam
1070 2342 1248 2407 Rainuldus

243 2452 281 2515 de
298 2452 415 2514 Sancto
432 2451 588 2516 Walurico
611 2452 822 2516 calumniatur
844 2475 952 2517 versus
975 2453 1121 2517 abbatem
1145 2453 1248 2518 Glou·

242 2562 372 2640 cestriae,
396 2562 612 2641 testificamur,
639 2569 671 2626 et
697 2563 826 2646 probare
851 2564 953 2647 parati
979 2585 1100 2641 sumus,
1126 2563 1182 2627 ubi
1213 2570 1248 2629 et

242 2674 367 2758 quando
390 2673 478 2737 vobis
502 2672 664 2757 placuerit,
687 2680 720 2738 et
742 2673 825 2737 sicut
842 2675 967 2757 justum
990 2672 1095 2751 suerit,
1110 2674 1247 2739 eundem

242 2793 358 2850 terrum
389 2809 454 2850 esse
485 2785 662 2850 membrum
689 2783 772 2848 villae
794 2785 833 2848 de
860 2784 1016 2862 Stunedis,
1040 2807 1109 2868 quae
1134 2790 1183 2849 est
1205 2784 1246 2850 de

241 2896 368 2961 abbatia
393 2896 604 2973 Gloucestriae,
625 2903 657 2960 ct
681 2894 873 2978 respondisse
897 2916 1019 2976 semper
1042 2893 1081 2957 ab
1108 2893 1245 2978 antiquo

241 3008 279 3071 de
305 3007 583 3072 consuetudinibus
609 3006 766 3089 regulibus
790 3005 871 3068 sicut
897 3004 1074 3067 membrum
1099 3003 1245 3087 ejusdcm

240 3117 331 3184 villae.
378 3116 472 3180 Unde
494 3117 581 3199 juste
609 3116 743 3193 videtur,
770 3115 797 3178 si
827 3114 917 3178 vobis
944 3113 1056 3198 placet,
1086 3121 1124 3178 ut
1155 3115 1242 3179 idern

241 3228 337 3290 abbas
366 3228 481 3291 habeat
511 3227 583 3290 inde
612 3227 731 3290 curium
762 3248 862 3302 suam,
893 3223 941 3288 vel
972 3224 1126 3308 placitum
1165 3232 1243 3290 unte

236 3336 397 3418 justitiam
413 3341 549 3399 vestram
565 3336 656 3399 sitin
672 3334 844 3418 provincia,
862 3334 916 3397 ubi
932 3334 976 3398 rei
993 3333 1108 3398 veritas
1122 3334 1244 3417 poterit

241 3445 357 3528 inquiri
374 3466 429 3527 per
443 3444 642 3507 comitatum.
687 3444 810 3508 Vulete.

272 3595 340 3658 [Tho
348 3595 429 3642 above
437 3594 459 3641 is
467 3597 514 3640 not
526 3597 554 3641 to
565 3595 597 3642 bc
608 3595 769 3643 eonioundod
778 3596 841 3643 with
850 3597 894 3644 tho
903 3600 994 3645 return
1003 3595 1033 3644 of
1039 3611 1072 3643 un
1081 3595 1243 3658 inquisition,

238 3674 286 3721 but
298 3674 320 3721 is
332 3676 360 3720 to
371 3673 403 3719 bc
415 3670 563 3718 considered
575 3687 605 3720 us
616 3685 632 3719 c
644 3687 713 3719 mem
725 3674 844 3733 potition,
857 3689 926 3735 upon
938 3674 1066 3723 ussertion
1077 3673 1129 3722 und
1140 3674 1205 3724 offer
1216 3676 1248 3723 of

240 3750 325 3875 prl'lrii
337 3825 468 3885 following
479 3824 568 3871 record
579 3824 609 3872 os
623 3840 657 3873 un
673 3825 825 3885 inquisition
845 3825 873 3873 of
890 3827 935 3875 tho
949 3827 1024 3889 reign
1041 3826 1070 3875 of
1085 3826 1176 3890 Henry
1189 3827 1241 3877 111.

865 3899 876 3930 2

238 3906 323 3954 shows
335 3904 380 3952 tho
392 3908 485 3950 nutum
497 3902 526 3949 of
534 3903 597 3951 such
609 3918 625 3950 u
636 3901 791 3965 prooceding
801 3901 852 3965 :-]

282 4044 444 4109 Gilbertus
464 4044 502 4107 de
525 4042 627 4121 Cla-re,
642 4063 745 4106 comes
762 4041 965 4106 Gloucestriae
980 4048 1013 4106 et
1038 4040 1239 4120 Herelordiae,

318 4229 325 4261 r
343 4221 358 4265 2
370 4217 463 4265 Chron.
478 4218 546 4265 Mon.
560 4217 649 4265 Glouc.
662 4218 694 4266 98
709 4216 779 4273 (Rce.
792 4215 887 4278 (lom).
1020 4211 1030 4242 ²
1048 4215 1087 4262 lb.
1099 4215 1138 4264 26.
