3000 4972
660 548 770 603 aarum
793 557 831 602 11.
1187 537 1249 600 237

241 709 280 774 de
304 710 477 790 Glanvilla,
495 709 697 794 justiciamm
722 709 852 794 primus,
879 711 919 773 ad
944 707 1021 773 alias
1044 705 1190 793 justicias
1216 728 1250 770 se

242 828 427 886 convertens
453 821 545 901 dixit,
567 822 810 887 consuetudines
826 827 947 885 nostras
966 818 1195 884 rationabiliter
1216 822 1251 881 et

243 930 375 996 discreto
390 931 555 996 institutas
578 932 683 1010 fuisse,
698 954 756 996 nec
782 931 901 1017 aliquid
925 930 1118 1014 superfluum
1144 928 1179 992 in
1204 927 1250 992 eis
1289 1004 1291 1009 Ι

243 1041 540 1126 deprehendiposse,
550 1066 607 1107 nec
616 1042 780 1107 dominum
790 1065 897 1127 regem
908 1041 999 1120 velle,
1009 1063 1066 1106 nec
1082 1063 1114 1104 se
1127 1038 1249 1111 audere,

244 1157 354 1216 contra
376 1154 616 1218 consuetudines
631 1161 697 1219 tam
713 1155 860 1238 antiquas
875 1158 908 1218 et
928 1153 1032 1237 justas
1048 1151 1249 1235 aliquatenus

245 1261 360 1341 venire,
375 1269 431 1327 aut
446 1264 527 1328 circa
541 1288 593 1328 eas
608 1264 727 1348 aliquid
742 1264 919 1329 immutare.
951 1261 1112 1328 Rannulfo
1128 1283 1200 1326 vero
1214 1260 1252 1324 de

247 1372 408 1437 Glanvilla
420 1397 478 1457 pro
493 1374 584 1439 nobis
599 1374 647 1439 ita
661 1374 885 1454 sententiante,
900 1380 938 1438 ut
954 1372 1073 1437 scilicet
1089 1372 1128 1436 de
1142 1378 1252 1436 caetero

245 1490 312 1546 tam
328 1484 536 1567 possessiones
551 1491 673 1550 nostras
695 1506 766 1547 cnm
782 1485 874 1568 plena
888 1484 1042 1561 libertate,
1058 1504 1153 1568 quam
1169 1480 1252 1546 anti·

245 1615 323 1677 quas
344 1594 585 1660 consuetudines
601 1618 673 1660 cum
695 1594 783 1659 omui
805 1593 1000 1678 integritate,
1018 1594 1101 1657 sicut
1122 1592 1254 1657 inferius

246 1704 439 1788 subscriptae,
455 1712 488 1770 et
511 1728 614 1770 coram
637 1705 775 1790 justiciis
797 1705 884 1770 lectae
901 1703 1039 1782 fuerunt,
1055 1702 1251 1782 haberemus,

246 1814 393 1878 omnibus
415 1814 511 1879 etiam
533 1817 672 1902 justiciis
694 1838 763 1902 quaa
785 1813 1054 1880 circumsedebant
1075 1812 1111 1876 in
1132 1812 1191 1877 boc
1223 1812 1253 1878 ei

246 1924 427 1989 laventibus
458 1932 491 1991 et
524 1927 713 2012 suffragium
746 1948 839 1990 suum
877 1923 1061 2004 ferentibus,
1100 1923 1185 2008 prior
1219 1928 1253 1987 et

246 2034 368 2115 fratres,
391 2035 446 2119 qui
476 2058 549 2100 cum
574 2036 642 2122 ipso
671 2036 850 2101 transmissi
878 2039 979 2114 erant,
1003 2056 1076 2098 oum
1111 2056 1186 2118 pace
1221 2039 1255 2098 et

246 2144 363 2229 gaudio
381 2146 496 2211 reversi
510 2154 595 2212 sunt.

282 2292 366 2357 [Here
377 2293 476 2343 follows
488 2309 504 2342 a
515 2298 657 2344 statement
668 2294 698 2344 of
705 2296 750 2344 the
764 2298 888 2353 eustoms,
900 2307 1035 2350 rcrenues,
1048 2290 1100 2340 and
1117 2305 1254 2354 expensas,

249 2371 356 2420 withan
370 2373 549 2421 enumeration
561 2373 591 2421 of
598 2378 731 2437 property,
742 2372 788 2422 bo.
801 2374 830 2422 of
838 2374 883 2422 tho
894 2378 1051 2435 monastery.
1085 2371 1140 2420 The
1156 2371 1254 2420 follow·

250 2449 295 2512 ing
305 2464 350 2498 ars
360 2451 404 2498 the
417 2456 532 2500 cuatonis
543 2451 573 2500 ol
580 2453 648 2514 legul
660 2452 771 2501 interest
778 2450 831 2515 :-]

294 2577 490 2641 Camerarius
505 2578 601 2642 habet
620 2578 654 2642 in
669 2603 766 2643 manu
781 2601 836 2642 sna
859 2578 968 2642 villum
991 2578 1029 2641 de
1047 2576 1199 2641 Weliford
1221 2582 1255 2641 et

249 2686 359 2750 villam
382 2688 420 2752 de
445 2688 585 2769 Chivele,
600 2713 672 2754 cum
697 2689 814 2754 villulis
839 2688 1039 2775 appendiciis.
1085 2688 1158 2752 Alia
1175 2710 1253 2771 prae-

250 2805 333 2862 terea
348 2797 445 2862 habet
466 2805 648 2864 tenementa
669 2806 703 2864 et
724 2807 878 2879 tenentes,
894 2801 932 2864 de
958 2798 1072 2884 quibus
1095 2804 1201 2883 potest
1221 2804 1256 2863 et

250 2908 343 2973 debet
368 2909 465 2974 libere
488 2915 521 2973 et
542 2910 628 2994 juste
651 2910 823 2995 disponere.
869 2910 920 2973 Ad
941 2909 1145 2973 camerarium
1168 2910 1253 2974 enim

249 3019 388 3103 pertinet
402 3042 510 3084 omnes
524 3043 632 3085 causas
647 3029 680 3086 et
695 3021 823 3105 negotia
838 3021 1002 3085 hominum
1011 3042 1137 3084 suorum
1149 3021 1256 3087 audire

250 3137 286 3197 et
299 3131 477 3210 terminare,
493 3137 526 3197 et
544 3132 762 3217 delinquentes
784 3155 840 3216 pro
854 3131 1009 3216 qualitate
1030 3131 1137 3196 delicti
1163 3155 1256 3216 poena

250 3244 429 3329 pecuniaria
451 3244 676 3324 condemnare;
699 3266 794 3328 quam
810 3265 934 3328 poenam
951 3264 1013 3306 non
1028 3242 1145 3327 poterit
1159 3243 1256 3308 abbas

251 3379 270 3420 a
289 3355 470 3434 camerario,
486 3355 534 3420 vel
558 3354 625 3419 sine
647 3352 860 3433 camerario,a
883 3352 1098 3417 condemnatis
1119 3353 1255 3439 exigere,

251 3490 309 3531 neo
332 3490 401 3532 eum
424 3474 534 3532 contra
558 3465 755 3531 voluntatem
779 3464 939 3529 camerarii
965 3471 1021 3529 aut
1040 3465 1180 3531 minuere
1199 3474 1256 3532 aut

251 3577 417 3643 remittere.
1063 3554 1068 3566 Ι

297 3688 332 3751 Si
353 3696 460 3754 tamen
489 3689 675 3753 camerarius
697 3688 863 3753 excesserit
884 3696 917 3753 et
945 3687 1088 3754 homines
1118 3712 1189 3754 suos
1215 3691 1256 3755 ad

252 3798 392 3863 indebita
407 3800 583 3884 praestanda
597 3801 708 3884 saepius
730 3800 926 3885 compulerit,
948 3800 1041 3865 debet
1063 3823 1135 3864 eum
1159 3801 1256 3865 abbas

253 3908 409 3988 seoretius,
440 3909 491 3974 vel
520 3909 554 3973 in
583 3909 743 3974 audientia
779 3900 925 3988 fratmm,
955 3909 1115 3994 corripere,
1146 3922 1179 3974 et
1214 3912 1255 3975 ab

253 4019 372 4084 illicitis
397 4020 612 4085 exactionibus
648 4020 801 4085 cohibere.
845 4022 894 4084 De
919 4021 991 4104 jure
1016 4043 1088 4084 vero
1112 4043 1168 4085 suo
1193 4043 1256 4086 non

254 4132 348 4197 debet
370 4132 399 4196 ei
425 4131 544 4216 aliquid
566 4130 738 4209 detrahere,
764 4129 847 4214 quod
871 4129 916 4194 ita
940 4130 1030 4214 plene
1052 4130 1085 4193 in
1110 4131 1257 4197 omnibus

253 4243 349 4306 habet
375 4248 407 4307 ct
436 4243 550 4309 habere
572 4241 666 4307 debet
690 4240 773 4305 sicut
796 4240 893 4305 abbas
918 4241 950 4304 in
977 4241 1042 4306 suis
1068 4244 1258 4310 tenementis
