3000 4972
616 579 725 623 rerer
750 579 783 622 11.
1133 563 1195 623 209

196 731 258 795 Sed
272 752 328 815 per
337 735 460 814 tempus
475 728 624 811 multum,
638 731 773 816 praelatis
788 730 837 796 sui
846 728 995 817 temporis
1010 730 1070 794 sibi
1085 731 1196 796 faven-

193 840 289 918 tibus,
316 842 440 907 reddere
469 841 642 907 differebat.
688 843 782 909 Quod
817 843 1070 908 animadvertens
1100 843 1197 908 abbas

195 952 404 1027 Wallrelinus
418 952 597 1037 frequenter
612 977 685 1017 cum
699 954 807 1018 eodem
822 956 951 1039 Peguno
966 953 1035 1038 egit
1047 960 1086 1018 ut
1100 954 1198 1018 eoele-

194 1064 247 1128 siae
268 1064 446 1129 restitueret
468 1064 550 1147 quod
574 1063 692 1148 injuste
707 1064 873 1128 annuatim
888 1065 1058 1129 auferebat.
1104 1064 1198 1129 Quod

195 1175 339 1261 quumvis
362 1175 512 1259 Paganus
528 1196 624 1257 grave
639 1175 745 1253 ferret,
761 1176 801 1240 ad
823 1177 883 1240 hoe
897 1182 1004 1240 tamon
1020 1173 1197 1241 constantia

194 1287 291 1372 hujus
324 1285 447 1349 abbatis
471 1285 622 1349 adductus
648 1289 716 1364 cst,¹
735 1291 773 1350 ut
799 1286 831 1349 in
856 1286 1029 1371 capitulum
1051 1287 1197 1365 fratrum,

195 1420 266 1461 cum
283 1397 346 1459 lilio
362 1419 455 1480 quem
469 1396 613 1460 heredem
628 1395 751 1474 habuit,
766 1396 898 1476 veniret,
913 1403 946 1461 et
959 1418 1015 1481 pro
1037 1396 1091 1461 illa
1106 1403 1198 1474 terra,

195 1513 227 1572 et
243 1507 406 1591 alioqunm
422 1506 456 1569 in
472 1507 602 1571 Stoches
617 1506 793 1571 deecclesia
808 1507 947 1587 tenebat,
959 1530 1031 1571 cum
1042 1507 1156 1570 abbate
1167 1512 1200 1570 ot

196 1625 354 1684 conventu
368 1619 465 1682 talem
476 1617 653 1701 pactionem
667 1618 875 1683 confirmaret.
921 1620 981 1682 Pro
996 1619 1111 1682 damno
1126 1640 1199 1681 vero

197 1729 365 1814 preterito,
392 1729 425 1792 in
449 1727 692 1792 misericordium
717 1728 841 1794 abbatis
867 1751 899 1793 se
928 1728 1043 1814 posuit.
1090 1727 1200 1792 Chiro-

197 1840 353 1924 graphum
370 1847 477 1904 autern
492 1830 600 1903 taliter
614 1861 646 1903 se
660 1838 777 1904 habet:

234 1949 344 2014 Sciant
351 1957 419 2015 tam
430 1949 531 2013 futuri
542 1972 636 2033 quam
649 1956 826 2032 praesentes,
836 1951 918 2034 quod
929 1949 1201 2034 egoWulhelinus,

198 2060 259 2126 Dei
276 2060 381 2146 gratia
399 2060 496 2124 obbas
517 2059 743 2139 Ahbendoniae,
758 2066 905 2145 totusque
929 2066 1102 2125 conventus
1116 2061 1200 2145 ejus·

197 2173 269 2237 dem
284 2171 430 2251 ecclesiae,
445 2170 652 2237 concessimus
668 2173 798 2256 chano
812 2173 851 2236 de
866 2171 1039 2256 Appelford
1062 2178 1095 2236 ct
1114 2172 1202 2236 here·

197 2284 289 2348 dibus
312 2283 386 2362 suis,
400 2284 470 2366 jure
485 2282 672 2347 hereditario
695 2283 865 2347 tenendam
880 2284 918 2347 de
938 2281 1067 2348 ecclesia
1092 2288 1200 2346 nostra

198 2393 232 2458 in
261 2400 457 2478 perpetuum,
484 2398 663 2457 tenaturam
700 2415 789 2456 suam
818 2393 856 2458 de
886 2394 1069 2479 Appelford,
1100 2400 1133 2457 et
1161 2393 1199 2457 de

200 2503 340 2583 Stochcs,
367 2509 495 2587 exceptu
528 2502 615 2566 omni
643 2510 855 2586 purprcstura,
886 2527 942 2588 pro
979 2505 1055 2569 XX.
1093 2504 1199 2568 solidis

198 2613 333 2697 singulis
356 2613 448 2676 annis
471 2611 649 2696 coquinario
669 2612 803 2677 ecclesiae
823 2620 938 2678 nostrae
953 2615 1127 2695 reddendis,
1143 2638 1198 2700 pro

198 2724 285 2788 omni
300 2724 438 2800 servitio,
454 2723 572 2786 scilieet
587 2722 625 2786 od
641 2723 760 2787 festum
783 2724 892 2787 Sancti
908 2723 1075 2788 Michaelis
1090 2726 1132 2790 X.
1149 2749 1198 2789 so-

197 2834 280 2913 lidis,
301 2840 334 2898 et
355 2833 395 2898 ed
413 2831 704 2897 Annunoiationem
728 2833 851 2896 Sanctus
875 2834 986 2898 Mariae
1009 2836 1050 2898 X.
1081 2835 1197 2900 solidis.

199 2946 243 3009 Et
261 2951 297 3009 ut
314 2946 380 3008 heeo
399 2942 566 3008 conventio
590 2943 708 3008 firmior
725 2949 758 3008 ct
778 2943 921 3008 stabilior
946 2944 1121 3025 haberetur,
1141 2970 1198 3010 nos

197 3056 327 3140 prefato
348 3057 477 3139 Pagano
495 3053 739 3138 chirographum
765 3053 879 3139 sigillis
897 3055 1012 3120 nostris
1038 3056 1198 3121 munitum

198 3164 457 3236 contradidimus3
479 3169 512 3228 et
535 3164 601 3249 ipse
626 3165 774 3248 Paganus
797 3172 830 3229 et
845 3165 1000 3230 Robertus
1016 3167 1099 3230 filius
1114 3191 1199 3249 suus,

198 3300 236 3342 ex
251 3300 306 3340 sua
325 3282 423 3360 parte,
436 3275 469 3338 in
484 3274 648 3359 presentia
669 3274 768 3339 totius
784 3275 923 3359 capituli,
943 3284 975 3341 et
992 3275 1199 3361 plurimorum

196 3386 388 3465 clericorum,
403 3392 436 3451 et
456 3384 627 3475 multorum
646 3384 806 3466 laicorum,
820 3388 1006 3471 juraverunt
1026 3411 1058 3452 sc
1075 3393 1109 3454 et
1128 3413 1200 3455 suos

197 3499 331 3563 haeredcs
354 3497 422 3561 sine
442 3497 530 3561 omni
554 3496 754 3562 simulatione
774 3498 938 3581 prefatum
958 3499 1199 3566 conventionem

198 3630 263 3672 esse
283 3613 466 3672 servaturos.
515 3608 577 3672 His
599 3607 734 3673 testibus
754 3608 949 3694 subscriptis,
962 3608 1125 3676 Clemente
1145 3612 1199 3678 de-

198 3741 286 3796 cano,
307 3719 445 3782 Radulfo
466 3719 505 3783 de
527 3719 644 3784 Sancto
668 3719 822 3800 Martino,
842 3727 874 3785 et
897 3721 1021 3804 Rogero
1042 3721 1107 3787 filio
1133 3745 1200 3802 suo,

199 3827 342 3892 Martino
364 3827 555 3912 presbytero,
571 3834 603 3893 et
627 3828 721 3893 Helia
739 3829 859 3920 clerico,
878 3828 984 3894 Adam
1007 3831 1198 3912 vicecomite,

199 3937 353 4002 Nioholao
376 3937 440 4001 filio
461 3937 598 4016 Turoldi,
615 3939 760 4003 Johanne
780 3939 818 4003 de
841 3939 1199 4019 T1ubervilla,R0bert0

199 4050 237 4115 de
251 4048 435 4127 Seuocurdo,
447 4047 651 4114 etWillelmo
662 4047 726 4112 filio
742 4071 809 4128 suo,
819 4049 841 4112 J
842 4050 963 4114 ohanne
978 4050 1017 4114 dc
1032 4050 1200 4132 Tubeneiu,

565 4301 574 4335 ¹
592 4302 635 4349 i.e.
646 4301 682 4364 by
694 4316 835 4351 summoue.
