<?xml version="1.0" encoding="UTF-8"?>
<!DOCTYPE html PUBLIC "-//W3C//DTD XHTML 1.0 Transitional//EN"
    "http://www.w3.org/TR/xhtml1/DTD/xhtml1-transitional.dtd">
<html xmlns="http://www.w3.org/1999/xhtml" xml:lang="en" lang="en">
 <head>
  <title>
</title>
<meta http-equiv="Content-Type" content="text/html;charset=utf-8" />
  <meta name='ocr-system' content='tesseract 3.04.00' />
  <meta name='ocr-capabilities' content='ocr_page ocr_carea ocr_par ocr_line ocrx_word'/>
</head>
<body>
  <div class='ocr_page' id='page_1' title='image "./placitaanglonor00bigegoog_0389.png"; bbox 0 0 3000 4972; ppageno 0'>
   <div class='ocr_carea' id='block_1_1' title="bbox 304 510 880 571">
    <p class='ocr_par' dir='ltr' id='par_1_1' title="bbox 304 510 880 571">
     <span class='ocr_line' id='line_1_1' title="bbox 304 510 880 571; baseline -0.005 0"><span class='ocrx_word' id='word_1_1' title='bbox 304 510 367 571; x_wconf 74' lang='lat'><strong>320</strong></span> <span class='ocrx_word' id='word_1_2' title='bbox 708 524 880 568; x_wconf 82' lang='lat' dir='ltr'><strong>seesunrx.</strong></span> 
     </span>
    </p>
   </div>
   <div class='ocr_carea' id='block_1_2' title="bbox 397 740 1214 785">
    <p class='ocr_par' dir='ltr' id='par_1_2' title="bbox 397 740 1214 785">
     <span class='ocr_line' id='line_1_2' title="bbox 397 740 1214 785; baseline -0.006 0"><span class='ocrx_word' id='word_1_3' title='bbox 397 745 494 785; x_wconf 76' lang='lat' dir='ltr'><strong>unm</strong></span> <span class='ocrx_word' id='word_1_4' title='bbox 510 743 548 783; x_wconf 74' lang='grc' dir='ltr'><strong>ΒΕ</strong></span> <span class='ocrx_word' id='word_1_5' title='bbox 569 743 648 782; x_wconf 76' lang='lat' dir='ltr'>NOVA</span> <span class='ocrx_word' id='word_1_6' title='bbox 665 742 829 781; x_wconf 72' lang='lat' dir='ltr'><strong>visentem</strong></span> <span class='ocrx_word' id='word_1_7' title='bbox 846 741 884 780; x_wconf 82' lang='lat' dir='ltr'><strong>DE</strong></span> <span class='ocrx_word' id='word_1_8' title='bbox 905 740 1012 779; x_wconf 72' lang='lat' dir='ltr'><strong>LIBERO</strong></span> <span class='ocrx_word' id='word_1_9' title='bbox 1026 741 1214 781; x_wconf 70' lang='lat' dir='ltr'><strong>ultumum.</strong></span> 
     </span>
    </p>
   </div>
   <div class='ocr_carea' id='block_1_3' title="bbox 300 862 1309 2048">
    <p class='ocr_par' dir='ltr' id='par_1_3' title="bbox 300 862 1309 2048">
     <span class='ocr_line' id='line_1_3' title="bbox 339 862 1308 936; baseline -0.004 -14"><span class='ocrx_word' id='word_1_10' title='bbox 339 869 396 923; x_wconf 86' lang='lat' dir='ltr'><strong>Rex</strong></span> <span class='ocrx_word' id='word_1_11' title='bbox 416 865 564 921; x_wconf 74' lang='lat' dir='ltr'><strong>vicecomiti</strong></span> <span class='ocrx_word' id='word_1_12' title='bbox 583 865 705 919; x_wconf 85' lang='lat' dir='ltr'><strong>salutern.</strong></span> <span class='ocrx_word' id='word_1_13' title='bbox 742 863 858 931; x_wconf 77' lang='lat' dir='ltr'>Questus</span> <span class='ocrx_word' id='word_1_14' title='bbox 877 868 918 918; x_wconf 87' lang='lat' dir='ltr'><strong>est</strong></span> <span class='ocrx_word' id='word_1_15' title='bbox 937 862 1003 916; x_wconf 88' lang='lat' dir='ltr'><strong>mihi</strong></span> <span class='ocrx_word' id='word_1_16' title='bbox 1023 863 1057 916; x_wconf 88' lang='lat' dir='ltr'><strong>N.</strong></span> <span class='ocrx_word' id='word_1_17' title='bbox 1072 864 1141 933; x_wconf 91' lang='lat' dir='ltr'><strong>quod</strong></span> <span class='ocrx_word' id='word_1_18' title='bbox 1157 864 1190 918; x_wconf 87' lang='lat' dir='ltr'><strong>R.</strong></span> <span class='ocrx_word' id='word_1_19' title='bbox 1205 864 1308 936; x_wconf 83' lang='lat' dir='ltr'><strong>injuste</strong></span> 
     </span>
     <span class='ocr_line' id='line_1_4' title="bbox 302 950 1309 1024; baseline -0.004 -14"><span class='ocrx_word' id='word_1_20' title='bbox 302 959 329 1010; x_wconf 88' lang='lat' dir='ltr'><strong>et</strong></span> <span class='ocrx_word' id='word_1_21' title='bbox 341 955 397 1009; x_wconf 91' lang='lat' dir='ltr'><strong>sine</strong></span> <span class='ocrx_word' id='word_1_22' title='bbox 406 953 507 1024; x_wconf 85' lang='lat' dir='ltr'><strong>judicio</strong></span> <span class='ocrx_word' id='word_1_23' title='bbox 520 952 663 1007; x_wconf 84' lang='lat' dir='ltr'><strong>dieseisivit</strong></span> <span class='ocrx_word' id='word_1_24' title='bbox 676 969 737 1005; x_wconf 91' lang='lat' dir='ltr'><strong>enm</strong></span> <span class='ocrx_word' id='word_1_25' title='bbox 751 950 783 1005; x_wconf 88' lang='lat' dir='ltr'><strong>de</strong></span> <span class='ocrx_word' id='word_1_26' title='bbox 799 950 881 1005; x_wconf 88' lang='lat' dir='ltr'><strong>libero</strong></span> <span class='ocrx_word' id='word_1_27' title='bbox 894 955 1045 1004; x_wconf 75' lang='lat' dir='ltr'><strong>tenemento</strong></span> <span class='ocrx_word' id='word_1_28' title='bbox 1064 969 1112 1003; x_wconf 90' lang='lat' dir='ltr'><strong>sno</strong></span> <span class='ocrx_word' id='word_1_29' title='bbox 1131 951 1159 1004; x_wconf 89' lang='lat' dir='ltr'><strong>in</strong></span> <span class='ocrx_word' id='word_1_30' title='bbox 1178 951 1226 1005; x_wconf 89' lang='lat' dir='ltr'><strong>illa</strong></span> <span class='ocrx_word' id='word_1_31' title='bbox 1243 951 1309 1007; x_wconf 88' lang='lat' dir='ltr'><strong>villa</strong></span> 
     </span>
     <span class='ocr_line' id='line_1_5' title="bbox 301 1036 1306 1112; baseline -0.002 -17"><span class='ocrx_word' id='word_1_32' title='bbox 301 1045 362 1112; x_wconf 91' lang='lat' dir='ltr'><strong>post</strong></span> <span class='ocrx_word' id='word_1_33' title='bbox 382 1039 506 1094; x_wconf 82' lang='lat' dir='ltr'><strong>ultimam</strong></span> <span class='ocrx_word' id='word_1_34' title='bbox 525 1037 770 1093; x_wconf 73' lang='lat' dir='ltr'><strong>transfretationem</strong></span> <span class='ocrx_word' id='word_1_35' title='bbox 789 1056 875 1090; x_wconf 80' lang='lat' dir='ltr'><strong>nream</strong></span> <span class='ocrx_word' id='word_1_36' title='bbox 894 1037 920 1090; x_wconf 92' lang='lat' dir='ltr'><strong>in</strong></span> <span class='ocrx_word' id='word_1_37' title='bbox 940 1036 1144 1091; x_wconf 73' lang='lat' dir='ltr'><strong>Rormanniom.</strong></span> <span class='ocrx_word' id='word_1_38' title='bbox 1190 1038 1226 1092; x_wconf 86' lang='lat' dir='ltr'><strong>Et</strong></span> <span class='ocrx_word' id='word_1_39' title='bbox 1248 1039 1306 1093; x_wconf 87' lang='lat' dir='ltr'><strong>ideo</strong></span> 
     </span>
     <span class='ocr_line' id='line_1_6' title="bbox 301 1123 1308 1198; baseline -0.001 -17"><span class='ocrx_word' id='word_1_40' title='bbox 301 1126 352 1183; x_wconf 85' lang='lat' dir='ltr'><strong>tibi</strong></span> <span class='ocrx_word' id='word_1_41' title='bbox 364 1126 479 1198; x_wconf 76' lang='lat' dir='ltr'><strong>precipio</strong></span> <span class='ocrx_word' id='word_1_42' title='bbox 491 1124 562 1197; x_wconf 93' lang='lat' dir='ltr'><strong>quod</strong></span> <span class='ocrx_word' id='word_1_43' title='bbox 578 1125 601 1179; x_wconf 93' lang='lat' dir='ltr'><strong>si</strong></span> <span class='ocrx_word' id='word_1_44' title='bbox 621 1123 742 1195; x_wconf 78' lang='lat' dir='ltr'><strong>prefatus</strong></span> <span class='ocrx_word' id='word_1_45' title='bbox 754 1123 791 1177; x_wconf 87' lang='lat' dir='ltr'><strong>N.</strong></span> <span class='ocrx_word' id='word_1_46' title='bbox 806 1123 898 1177; x_wconf 83' lang='lat' dir='ltr'><strong>fecerit</strong></span> <span class='ocrx_word' id='word_1_47' title='bbox 910 1126 937 1177; x_wconf 88' lang='lat' dir='ltr'><strong>te</strong></span> <span class='ocrx_word' id='word_1_48' title='bbox 950 1142 1069 1177; x_wconf 91' lang='lat' dir='ltr'><strong>securum</strong></span> <span class='ocrx_word' id='word_1_49' title='bbox 1083 1124 1115 1178; x_wconf 95' lang='lat' dir='ltr'><strong>de</strong></span> <span class='ocrx_word' id='word_1_50' title='bbox 1128 1124 1241 1179; x_wconf 85' lang='lat' dir='ltr'><strong>clamore</strong></span> <span class='ocrx_word' id='word_1_51' title='bbox 1260 1144 1308 1180; x_wconf 88' lang='lat' dir='ltr'><strong>suo</strong></span> 
     </span>
     <span class='ocr_line' id='line_1_7' title="bbox 301 1208 1306 1284; baseline 0 -17"><span class='ocrx_word' id='word_1_52' title='bbox 301 1210 490 1284; x_wconf 85' lang='lat' dir='ltr'><strong>prosequendo,</strong></span> <span class='ocrx_word' id='word_1_53' title='bbox 503 1215 567 1265; x_wconf 92' lang='lat' dir='ltr'><strong>tunc</strong></span> <span class='ocrx_word' id='word_1_54' title='bbox 584 1209 666 1264; x_wconf 83' lang='lat' dir='ltr'><strong>facins</strong></span> <span class='ocrx_word' id='word_1_55' title='bbox 679 1212 861 1264; x_wconf 86' lang='lat' dir='ltr'><strong>tenementum</strong></span> <span class='ocrx_word' id='word_1_56' title='bbox 874 1208 942 1263; x_wconf 91' lang='lat' dir='ltr'><strong>illud</strong></span> <span class='ocrx_word' id='word_1_57' title='bbox 960 1209 1074 1263; x_wconf 86' lang='lat' dir='ltr'><strong>reseisiri</strong></span> <span class='ocrx_word' id='word_1_58' title='bbox 1088 1209 1119 1264; x_wconf 91' lang='lat' dir='ltr'><strong>de</strong></span> <span class='ocrx_word' id='word_1_59' title='bbox 1132 1211 1242 1275; x_wconf 78' lang='lat' dir='ltr'><strong>catallis,</strong></span> <span class='ocrx_word' id='word_1_60' title='bbox 1255 1232 1306 1283; x_wconf 88' lang='lat' dir='ltr'><strong>que</strong></span> 
     </span>
     <span class='ocr_line' id='line_1_8' title="bbox 301 1296 1305 1370; baseline 0.002 -18"><span class='ocrx_word' id='word_1_61' title='bbox 301 1298 330 1352; x_wconf 89' lang='lat' dir='ltr'><strong>in</strong></span> <span class='ocrx_word' id='word_1_62' title='bbox 349 1317 380 1353; x_wconf 90' lang='lat' dir='ltr'><strong>eo</strong></span> <span class='ocrx_word' id='word_1_63' title='bbox 397 1303 474 1370; x_wconf 88' lang='lat' dir='ltr'><strong>capta</strong></span> <span class='ocrx_word' id='word_1_64' title='bbox 492 1297 601 1352; x_wconf 83' lang='lat' dir='ltr'><strong>fuerunt</strong></span> <span class='ocrx_word' id='word_1_65' title='bbox 619 1300 645 1350; x_wconf 91' lang='lat' dir='ltr'><strong>et</strong></span> <span class='ocrx_word' id='word_1_66' title='bbox 664 1296 751 1367; x_wconf 90' lang='lat' dir='ltr'><strong>ipsum</strong></span> <span class='ocrx_word' id='word_1_67' title='bbox 770 1299 952 1350; x_wconf 85' lang='lat' dir='ltr'><strong>tenementum</strong></span> <span class='ocrx_word' id='word_1_68' title='bbox 964 1314 1024 1350; x_wconf 88' lang='lat' dir='ltr'><strong>cum</strong></span> <span class='ocrx_word' id='word_1_69' title='bbox 1038 1296 1140 1351; x_wconf 78' lang='lat' dir='ltr'><strong>catallis</strong></span> <span class='ocrx_word' id='word_1_70' title='bbox 1153 1317 1208 1352; x_wconf 85' lang='lat' dir='ltr'><strong>esse</strong></span> <span class='ocrx_word' id='word_1_71' title='bbox 1224 1299 1305 1354; x_wconf 84' lang='lat' dir='ltr'><strong>facias</strong></span> 
     </span>
     <span class='ocr_line' id='line_1_9' title="bbox 301 1381 1306 1456; baseline 0.002 -17"><span class='ocrx_word' id='word_1_72' title='bbox 301 1385 329 1439; x_wconf 88' lang='lat' dir='ltr'><strong>in</strong></span> <span class='ocrx_word' id='word_1_73' title='bbox 343 1402 405 1456; x_wconf 77' lang='lat' dir='ltr'><strong>pace</strong></span> <span class='ocrx_word' id='word_1_74' title='bbox 417 1402 499 1454; x_wconf 86' lang='lat' dir='ltr'><strong>usque</strong></span> <span class='ocrx_word' id='word_1_75' title='bbox 512 1382 545 1437; x_wconf 79' lang='lat' dir='ltr'><strong>ad</strong></span> <span class='ocrx_word' id='word_1_76' title='bbox 558 1382 678 1437; x_wconf 86' lang='lat' dir='ltr'><strong>clausum</strong></span> <span class='ocrx_word' id='word_1_77' title='bbox 691 1381 791 1436; x_wconf 74' lang='lat' dir='ltr'><strong>Pasche</strong></span> <span class='ocrx_word' id='word_1_78' title='bbox 803 1385 831 1436; x_wconf 90' lang='lat' dir='ltr'><strong>et</strong></span> <span class='ocrx_word' id='word_1_79' title='bbox 843 1383 950 1436; x_wconf 89' lang='lat' dir='ltr'><strong>interim</strong></span> <span class='ocrx_word' id='word_1_80' title='bbox 963 1381 1046 1436; x_wconf 71' lang='lat' dir='ltr'><strong>tracias</strong></span> <span class='ocrx_word' id='word_1_81' title='bbox 1059 1382 1196 1438; x_wconf 88' lang='lat' dir='ltr'><strong>duodecim</strong></span> <span class='ocrx_word' id='word_1_82' title='bbox 1209 1385 1306 1441; x_wconf 85' lang='lat' dir='ltr'><strong>liberos</strong></span> 
     </span>
     <span class='ocr_line' id='line_1_10' title="bbox 302 1468 1306 1543; baseline 0.001 -17"><span class='ocrx_word' id='word_1_83' title='bbox 302 1475 330 1526; x_wconf 89' lang='lat' dir='ltr'><strong>et</strong></span> <span class='ocrx_word' id='word_1_84' title='bbox 345 1470 443 1543; x_wconf 86' lang='lat' dir='ltr'><strong>legales</strong></span> <span class='ocrx_word' id='word_1_85' title='bbox 456 1470 576 1524; x_wconf 90' lang='lat' dir='ltr'><strong>homines</strong></span> <span class='ocrx_word' id='word_1_86' title='bbox 586 1468 618 1523; x_wconf 93' lang='lat' dir='ltr'><strong>de</strong></span> <span class='ocrx_word' id='word_1_87' title='bbox 630 1468 744 1523; x_wconf 85' lang='lat' dir='ltr'><strong>visincto</strong></span> <span class='ocrx_word' id='word_1_88' title='bbox 756 1469 845 1522; x_wconf 87' lang='lat' dir='ltr'><strong>videre</strong></span> <span class='ocrx_word' id='word_1_89' title='bbox 858 1474 956 1523; x_wconf 89' lang='lat' dir='ltr'><strong>terram</strong></span> <span class='ocrx_word' id='word_1_90' title='bbox 969 1468 1041 1523; x_wconf 87' lang='lat' dir='ltr'><strong>illam</strong></span> <span class='ocrx_word' id='word_1_91' title='bbox 1055 1474 1084 1524; x_wconf 87' lang='lat' dir='ltr'><strong>et</strong></span> <span class='ocrx_word' id='word_1_92' title='bbox 1096 1471 1204 1526; x_wconf 88' lang='lat' dir='ltr'><strong>nomina</strong></span> <span class='ocrx_word' id='word_1_93' title='bbox 1216 1491 1306 1527; x_wconf 88' lang='lat' dir='ltr'><strong>eorum</strong></span> 
     </span>
     <span class='ocr_line' id='line_1_11' title="bbox 301 1555 1305 1630; baseline 0.002 -18"><span class='ocrx_word' id='word_1_94' title='bbox 301 1557 453 1613; x_wconf 83' lang='lat' dir='ltr'><strong>imbreviari</strong></span> <span class='ocrx_word' id='word_1_95' title='bbox 466 1556 546 1612; x_wconf 80' lang='lat' dir='ltr'><strong>facias</strong></span> <span class='ocrx_word' id='word_1_96' title='bbox 564 1561 591 1611; x_wconf 88' lang='lat' dir='ltr'><strong>ct</strong></span> <span class='ocrx_word' id='word_1_97' title='bbox 610 1574 747 1609; x_wconf 87' lang='lat' dir='ltr'><strong>summone</strong></span> <span class='ocrx_word' id='word_1_98' title='bbox 766 1555 824 1609; x_wconf 86' lang='lat' dir='ltr'><strong>illos</strong></span> <span class='ocrx_word' id='word_1_99' title='bbox 842 1555 990 1626; x_wconf 86' lang='lat' dir='ltr'><strong>perbonos</strong></span> <span class='ocrx_word' id='word_1_100' title='bbox 1010 1557 1223 1621; x_wconf 88' lang='lat' dir='ltr'><strong>summonitores,</strong></span> <span class='ocrx_word' id='word_1_101' title='bbox 1235 1561 1305 1630; x_wconf 88' lang='lat' dir='ltr'><strong>quod</strong></span> 
     </span>
     <span class='ocr_line' id='line_1_12' title="bbox 301 1641 1305 1717; baseline -0.001 -15"><span class='ocrx_word' id='word_1_102' title='bbox 301 1650 366 1702; x_wconf 88' lang='lat' dir='ltr'><strong>tunc</strong></span> <span class='ocrx_word' id='word_1_103' title='bbox 384 1646 440 1700; x_wconf 90' lang='lat' dir='ltr'><strong>sint</strong></span> <span class='ocrx_word' id='word_1_104' title='bbox 451 1663 539 1699; x_wconf 85' lang='lat' dir='ltr'><strong>coram</strong></span> <span class='ocrx_word' id='word_1_105' title='bbox 557 1663 599 1697; x_wconf 92' lang='lat' dir='ltr'><strong>me</strong></span> <span class='ocrx_word' id='word_1_106' title='bbox 618 1641 660 1698; x_wconf 88' lang='lat' dir='ltr'><strong>vel</strong></span> <span class='ocrx_word' id='word_1_107' title='bbox 679 1642 796 1713; x_wconf 80' lang='lat' dir='ltr'><strong>justiciis</strong></span> <span class='ocrx_word' id='word_1_108' title='bbox 817 1642 882 1695; x_wconf 88' lang='lat' dir='ltr'><strong>meis</strong></span> <span class='ocrx_word' id='word_1_109' title='bbox 902 1643 988 1713; x_wconf 78' lang='lat' dir='ltr'><strong>parati</strong></span> <span class='ocrx_word' id='word_1_110' title='bbox 1006 1643 1068 1697; x_wconf 91' lang='lat' dir='ltr'><strong>inde</strong></span> <span class='ocrx_word' id='word_1_111' title='bbox 1086 1644 1170 1698; x_wconf 83' lang='lat' dir='ltr'><strong>faeere</strong></span> <span class='ocrx_word' id='word_1_112' title='bbox 1187 1648 1305 1717; x_wconf 83' lang='lat' dir='ltr'><strong>recogni-</strong></span> 
     </span>
     <span class='ocr_line' id='line_1_13' title="bbox 302 1727 1304 1801; baseline -0.002 -13"><span class='ocrx_word' id='word_1_113' title='bbox 302 1733 410 1788; x_wconf 89' lang='lat' dir='ltr'><strong>tionem.</strong></span> <span class='ocrx_word' id='word_1_114' title='bbox 448 1731 485 1785; x_wconf 81' lang='lat' dir='ltr'><strong>Et</strong></span> <span class='ocrx_word' id='word_1_115' title='bbox 503 1749 570 1801; x_wconf 91' lang='lat' dir='ltr'><strong>pone</strong></span> <span class='ocrx_word' id='word_1_116' title='bbox 588 1748 634 1799; x_wconf 91' lang='lat' dir='ltr'><strong>per</strong></span> <span class='ocrx_word' id='word_1_117' title='bbox 646 1728 756 1784; x_wconf 78' lang='lat' dir='ltr'><strong>vodium</strong></span> <span class='ocrx_word' id='word_1_118' title='bbox 774 1733 801 1784; x_wconf 89' lang='lat' dir='ltr'><strong>et</strong></span> <span class='ocrx_word' id='word_1_119' title='bbox 819 1728 906 1782; x_wconf 83' lang='lat' dir='ltr'><strong>salvos</strong></span> <span class='ocrx_word' id='word_1_120' title='bbox 924 1727 1024 1799; x_wconf 83' lang='lat' dir='ltr'><strong>plegios</strong></span> <span class='ocrx_word' id='word_1_121' title='bbox 1044 1728 1191 1799; x_wconf 83' lang='lat' dir='ltr'><strong>predictum</strong></span> <span class='ocrx_word' id='word_1_122' title='bbox 1211 1732 1244 1785; x_wconf 78' lang='lat' dir='ltr'><strong>R..</strong></span> <span class='ocrx_word' id='word_1_123' title='bbox 1264 1734 1304 1788; x_wconf 90' lang='lat' dir='ltr'><strong>vel</strong></span> 
     </span>
     <span class='ocr_line' id='line_1_14' title="bbox 301 1814 1303 1886; baseline -0.001 -12"><span class='ocrx_word' id='word_1_124' title='bbox 301 1819 430 1874; x_wconf 83' lang='lat' dir='ltr'><strong>ballivum</strong></span> <span class='ocrx_word' id='word_1_125' title='bbox 451 1837 539 1880; x_wconf 91' lang='lat' dir='ltr'><strong>suum,</strong></span> <span class='ocrx_word' id='word_1_126' title='bbox 560 1817 583 1870; x_wconf 90' lang='lat' dir='ltr'><strong>si</strong></span> <span class='ocrx_word' id='word_1_127' title='bbox 605 1817 661 1886; x_wconf 84' lang='lat' dir='ltr'><strong>ipse</strong></span> <span class='ocrx_word' id='word_1_128' title='bbox 683 1834 737 1869; x_wconf 91' lang='lat' dir='ltr'><strong>nou</strong></span> <span class='ocrx_word' id='word_1_129' title='bbox 759 1814 839 1869; x_wconf 83' lang='lat' dir='ltr'><strong>fuerit</strong></span> <span class='ocrx_word' id='word_1_130' title='bbox 864 1814 999 1878; x_wconf 85' lang='lat' dir='ltr'><strong>iuventus,</strong></span> <span class='ocrx_word' id='word_1_131' title='bbox 1024 1815 1094 1886; x_wconf 90' lang='lat' dir='ltr'><strong>quod</strong></span> <span class='ocrx_word' id='word_1_132' title='bbox 1119 1821 1183 1871; x_wconf 89' lang='lat' dir='ltr'><strong>tunc</strong></span> <span class='ocrx_word' id='word_1_133' title='bbox 1211 1819 1246 1873; x_wconf 83' lang='lat' dir='ltr'><strong>sit</strong></span> <span class='ocrx_word' id='word_1_134' title='bbox 1267 1819 1303 1874; x_wconf 92' lang='lat' dir='ltr'><strong>ibi</strong></span> 
     </span>
     <span class='ocr_line' id='line_1_15' title="bbox 300 1901 1304 1975; baseline -0.002 -13"><span class='ocrx_word' id='word_1_135' title='bbox 300 1906 442 1962; x_wconf 87' lang='lat' dir='ltr'><strong>auditurus</strong></span> <span class='ocrx_word' id='word_1_136' title='bbox 451 1905 525 1960; x_wconf 85' lang='lat' dir='ltr'><strong>illum</strong></span> <span class='ocrx_word' id='word_1_137' title='bbox 535 1902 749 1975; x_wconf 84' lang='lat' dir='ltr'><strong>recognitionem.</strong></span> <span class='ocrx_word' id='word_1_138' title='bbox 787 1902 825 1957; x_wconf 88' lang='lat' dir='ltr'><strong>Et</strong></span> <span class='ocrx_word' id='word_1_139' title='bbox 836 1902 933 1956; x_wconf 86' lang='lat' dir='ltr'><strong>habeas</strong></span> <span class='ocrx_word' id='word_1_140' title='bbox 943 1901 982 1956; x_wconf 94' lang='lat' dir='ltr'><strong>ibi</strong></span> <span class='ocrx_word' id='word_1_141' title='bbox 993 1906 1041 1957; x_wconf 89' lang='lat' dir='ltr'><strong>etc.</strong></span> <span class='ocrx_word' id='word_1_142' title='bbox 1067 1902 1098 1956; x_wconf 85' lang='grc' dir='ltr'><strong>Τ.</strong></span> <span class='ocrx_word' id='word_1_143' title='bbox 1109 1908 1158 1959; x_wconf 89' lang='lat' dir='ltr'><strong>etc.</strong></span> <span class='ocrx_word' id='word_1_144' title='bbox 1194 1905 1253 1960; x_wconf 85' lang='lat' dir='ltr'><strong>Lib.</strong></span> <span class='ocrx_word' id='word_1_145' title='bbox 1263 1908 1304 1972; x_wconf 82' lang='lat'><strong>13,</strong></span> 
     </span>
     <span class='ocr_line' id='line_1_16' title="bbox 301 1994 381 2048; baseline -0.013 0"><span class='ocrx_word' id='word_1_146' title='bbox 301 2011 324 2048; x_wconf 90' lang='lat' dir='ltr'><strong>c.</strong></span> <span class='ocrx_word' id='word_1_147' title='bbox 337 1994 381 2048; x_wconf 80' lang='lat'><strong>33.</strong></span> 
     </span>
    </p>
   </div>
   <div class='ocr_carea' id='block_1_4' title="bbox 301 2259 1303 2318">
    <p class='ocr_par' dir='ltr' id='par_1_4' title="bbox 301 2259 1303 2318">
     <span class='ocr_line' id='line_1_17' title="bbox 301 2259 1303 2318; baseline 0.009 -10"><span class='ocrx_word' id='word_1_148' title='bbox 301 2259 397 2310; x_wconf 63' lang='lat' dir='ltr'><strong>BRRRE</strong></span> <span class='ocrx_word' id='word_1_149' title='bbox 416 2270 454 2310; x_wconf 76' lang='lat' dir='ltr'><strong>DE</strong></span> <span class='ocrx_word' id='word_1_150' title='bbox 467 2270 546 2311; x_wconf 74' lang='lat' dir='ltr'><strong>Nova</strong></span> <span class='ocrx_word' id='word_1_151' title='bbox 559 2271 722 2310; x_wconf 72' lang='lat' dir='ltr'><strong>meemsma</strong></span> <span class='ocrx_word' id='word_1_152' title='bbox 735 2271 907 2318; x_wconf 61' lang='lat' dir='ltr'><strong>ocensem</strong></span> <span class='ocrx_word' id='word_1_153' title='bbox 928 2272 1038 2312; x_wconf 76' lang='lat' dir='ltr'><strong>LEVATO</strong></span> <span class='ocrx_word' id='word_1_154' title='bbox 1057 2274 1114 2313; x_wconf 77' lang='lat' dir='ltr'><strong>VEL</strong></span> <span class='ocrx_word' id='word_1_155' title='bbox 1133 2275 1303 2317; x_wconf 72' lang='lat' dir='ltr'><strong>PROSTRATO.</strong></span> 
     </span>
    </p>
   </div>
   <div class='ocr_carea' id='block_1_5' title="bbox 299 2391 1303 2730">
    <p class='ocr_par' dir='ltr' id='par_1_5' title="bbox 299 2391 1303 2730">
     <span class='ocr_line' id='line_1_18' title="bbox 337 2391 1303 2469; baseline 0.007 -23"><span class='ocrx_word' id='word_1_156' title='bbox 337 2391 394 2446; x_wconf 87' lang='lat' dir='ltr'><strong>Rex</strong></span> <span class='ocrx_word' id='word_1_157' title='bbox 406 2391 554 2446; x_wconf 80' lang='lat' dir='ltr'><strong>vicecomiti</strong></span> <span class='ocrx_word' id='word_1_158' title='bbox 572 2391 695 2446; x_wconf 85' lang='lat' dir='ltr'><strong>salutem.</strong></span> <span class='ocrx_word' id='word_1_159' title='bbox 733 2393 849 2460; x_wconf 77' lang='lat' dir='ltr'><strong>Questus</strong></span> <span class='ocrx_word' id='word_1_160' title='bbox 868 2396 909 2447; x_wconf 87' lang='lat' dir='ltr'><strong>est</strong></span> <span class='ocrx_word' id='word_1_161' title='bbox 927 2392 995 2447; x_wconf 89' lang='lat' dir='ltr'><strong>mihi</strong></span> <span class='ocrx_word' id='word_1_162' title='bbox 1014 2394 1048 2449; x_wconf 83' lang='lat' dir='ltr'><strong>N.</strong></span> <span class='ocrx_word' id='word_1_163' title='bbox 1062 2396 1133 2466; x_wconf 91' lang='lat' dir='ltr'><strong>quod</strong></span> <span class='ocrx_word' id='word_1_164' title='bbox 1152 2398 1185 2451; x_wconf 87' lang='lat' dir='ltr'><strong>R.</strong></span> <span class='ocrx_word' id='word_1_165' title='bbox 1205 2398 1303 2469; x_wconf 82' lang='lat' dir='ltr'><strong>injuste</strong></span> 
     </span>
     <span class='ocr_line' id='line_1_19' title="bbox 300 2477 1303 2551; baseline 0.007 -19"><span class='ocrx_word' id='word_1_166' title='bbox 300 2482 328 2533; x_wconf 94' lang='lat' dir='ltr'><strong>et</strong></span> <span class='ocrx_word' id='word_1_167' title='bbox 340 2478 397 2533; x_wconf 88' lang='lat' dir='ltr'><strong>sine</strong></span> <span class='ocrx_word' id='word_1_168' title='bbox 405 2477 507 2547; x_wconf 92' lang='lat' dir='ltr'><strong>judicio</strong></span> <span class='ocrx_word' id='word_1_169' title='bbox 520 2477 620 2533; x_wconf 87' lang='lat' dir='ltr'><strong>levavit</strong></span> <span class='ocrx_word' id='word_1_170' title='bbox 632 2478 764 2550; x_wconf 81' lang='lat' dir='ltr'><strong>quoddam</strong></span> <span class='ocrx_word' id='word_1_171' title='bbox 776 2478 909 2533; x_wconf 84' lang='lat' dir='ltr'><strong>fossatum</strong></span> <span class='ocrx_word' id='word_1_172' title='bbox 921 2479 963 2534; x_wconf 88' lang='lat' dir='ltr'><strong>vel</strong></span> <span class='ocrx_word' id='word_1_173' title='bbox 975 2481 1121 2551; x_wconf 84' lang='lat' dir='ltr'><strong>prostravit</strong></span> <span class='ocrx_word' id='word_1_174' title='bbox 1133 2482 1161 2536; x_wconf 92' lang='lat' dir='ltr'><strong>iu</strong></span> <span class='ocrx_word' id='word_1_175' title='bbox 1181 2483 1226 2538; x_wconf 89' lang='lat' dir='ltr'><strong>illa</strong></span> <span class='ocrx_word' id='word_1_176' title='bbox 1239 2485 1303 2541; x_wconf 87' lang='lat' dir='ltr'><strong>villa</strong></span> 
     </span>
     <span class='ocr_line' id='line_1_20' title="bbox 299 2564 1302 2640; baseline 0.009 -22"><span class='ocrx_word' id='word_1_177' title='bbox 299 2565 335 2620; x_wconf 86' lang='lat' dir='ltr'><strong>ad</strong></span> <span class='ocrx_word' id='word_1_178' title='bbox 346 2570 535 2620; x_wconf 83' lang='lat' dir='ltr'><strong>nocumentum</strong></span> <span class='ocrx_word' id='word_1_179' title='bbox 553 2564 629 2619; x_wconf 88' lang='lat' dir='ltr'><strong>liberi</strong></span> <span class='ocrx_word' id='word_1_180' title='bbox 647 2565 796 2620; x_wconf 88' lang='lat' dir='ltr'><strong>tenemeuti</strong></span> <span class='ocrx_word' id='word_1_181' title='bbox 807 2566 849 2620; x_wconf 90' lang='lat' dir='ltr'><strong>sni</strong></span> <span class='ocrx_word' id='word_1_182' title='bbox 868 2567 896 2620; x_wconf 92' lang='lat' dir='ltr'><strong>in</strong></span> <span class='ocrx_word' id='word_1_183' title='bbox 916 2567 1007 2622; x_wconf 83' lang='lat' dir='ltr'><strong>ecdem</strong></span> <span class='ocrx_word' id='word_1_184' title='bbox 1021 2567 1085 2622; x_wconf 80' lang='lat' dir='ltr'><strong>villa</strong></span> <span class='ocrx_word' id='word_1_185' title='bbox 1102 2573 1163 2640; x_wconf 90' lang='lat' dir='ltr'><strong>post</strong></span> <span class='ocrx_word' id='word_1_186' title='bbox 1178 2571 1302 2627; x_wconf 88' lang='lat' dir='ltr'><strong>ultimam</strong></span> 
     </span>
     <span class='ocr_line' id='line_1_21' title="bbox 300 2651 1302 2730; baseline 0.007 -22"><span class='ocrx_word' id='word_1_187' title='bbox 300 2651 544 2708; x_wconf 74' lang='lat' dir='ltr'><strong>transfretationem</strong></span> <span class='ocrx_word' id='word_1_188' title='bbox 563 2671 651 2707; x_wconf 88' lang='lat' dir='ltr'><strong>meam</strong></span> <span class='ocrx_word' id='word_1_189' title='bbox 672 2653 701 2707; x_wconf 93' lang='lat' dir='ltr'><strong>in</strong></span> <span class='ocrx_word' id='word_1_190' title='bbox 722 2652 927 2709; x_wconf 85' lang='lat' dir='ltr'><strong>Normanniam.</strong></span> <span class='ocrx_word' id='word_1_191' title='bbox 972 2655 1010 2709; x_wconf 84' lang='lat' dir='ltr'><strong>Et</strong></span> <span class='ocrx_word' id='word_1_192' title='bbox 1029 2655 1087 2709; x_wconf 90' lang='lat' dir='ltr'><strong>idec</strong></span> <span class='ocrx_word' id='word_1_193' title='bbox 1107 2656 1157 2712; x_wconf 89' lang='lat' dir='ltr'><strong>tibi</strong></span> <span class='ocrx_word' id='word_1_194' title='bbox 1178 2659 1302 2730; x_wconf 85' lang='lat' dir='ltr'><strong>precipio,</strong></span> 
     </span>
    </p>
   </div>
   <div class='ocr_carea' id='block_1_6' title="bbox 299 2739 1302 2886">
    <p class='ocr_par' dir='ltr' id='par_1_6' title="bbox 299 2739 1302 2886">
     <span class='ocr_line' id='line_1_22' title="bbox 299 2739 1302 2816; baseline 0.006 -20"><span class='ocrx_word' id='word_1_195' title='bbox 299 2741 405 2812; x_wconf 90' lang='lat' dir='ltr'><strong>quodsi</strong></span> <span class='ocrx_word' id='word_1_196' title='bbox 417 2741 534 2811; x_wconf 86' lang='lat' dir='ltr'><strong>prefatus</strong></span> <span class='ocrx_word' id='word_1_197' title='bbox 546 2741 583 2795; x_wconf 87' lang='lat' dir='ltr'><strong>N.</strong></span> <span class='ocrx_word' id='word_1_198' title='bbox 595 2739 690 2796; x_wconf 82' lang='lat' dir='ltr'><strong>fecerit</strong></span> <span class='ocrx_word' id='word_1_199' title='bbox 702 2745 729 2796; x_wconf 86' lang='lat' dir='ltr'><strong>te</strong></span> <span class='ocrx_word' id='word_1_200' title='bbox 743 2760 864 2795; x_wconf 88' lang='lat' dir='ltr'><strong>securum</strong></span> <span class='ocrx_word' id='word_1_201' title='bbox 878 2742 909 2797; x_wconf 95' lang='lat' dir='ltr'><strong>de</strong></span> <span class='ocrx_word' id='word_1_202' title='bbox 921 2743 1035 2797; x_wconf 86' lang='lat' dir='ltr'><strong>clamore</strong></span> <span class='ocrx_word' id='word_1_203' title='bbox 1047 2762 1095 2798; x_wconf 88' lang='lat' dir='ltr'><strong>suc</strong></span> <span class='ocrx_word' id='word_1_204' title='bbox 1113 2749 1302 2816; x_wconf 85' lang='lat' dir='ltr'><strong>prosequendo,</strong></span> 
     </span>
     <span class='ocr_line' id='line_1_23' title="bbox 300 2823 1301 2886; baseline 0.008 -8"><span class='ocrx_word' id='word_1_205' title='bbox 300 2827 365 2878; x_wconf 89' lang='lat' dir='ltr'><strong>tunc</strong></span> <span class='ocrx_word' id='word_1_206' title='bbox 384 2823 465 2878; x_wconf 78' lang='lat' dir='ltr'><strong>facias</strong></span> <span class='ocrx_word' id='word_1_207' title='bbox 489 2823 626 2879; x_wconf 87' lang='lat' dir='ltr'><strong>duodecim</strong></span> <span class='ocrx_word' id='word_1_208' title='bbox 648 2824 743 2878; x_wconf 87' lang='lat' dir='ltr'><strong>liberos</strong></span> <span class='ocrx_word' id='word_1_209' title='bbox 768 2825 925 2880; x_wconf 89' lang='lat' dir='ltr'><strong>etc..videre</strong></span> <span class='ocrx_word' id='word_1_210' title='bbox 943 2826 1072 2881; x_wconf 80' lang='lat' dir='ltr'><strong>fossatum</strong></span> <span class='ocrx_word' id='word_1_211' title='bbox 1092 2827 1159 2882; x_wconf 93' lang='lat' dir='ltr'><strong>illud</strong></span> <span class='ocrx_word' id='word_1_212' title='bbox 1178 2834 1205 2884; x_wconf 87' lang='lat' dir='ltr'><strong>et</strong></span> <span class='ocrx_word' id='word_1_213' title='bbox 1228 2834 1301 2886; x_wconf 88' lang='lat' dir='ltr'><strong>tene·</strong></span> 
     </span>
    </p>
   </div>
   <div class='ocr_carea' id='block_1_7' title="bbox 298 2910 1302 3069">
    <p class='ocr_par' dir='ltr' id='par_1_7' title="bbox 298 2910 1302 3069">
     <span class='ocr_line' id='line_1_24' title="bbox 299 2910 1302 2989; baseline 0.011 -27"><span class='ocrx_word' id='word_1_214' title='bbox 299 2913 420 2965; x_wconf 87' lang='lat' dir='ltr'><strong>mentum</strong></span> <span class='ocrx_word' id='word_1_215' title='bbox 441 2914 469 2964; x_wconf 89' lang='lat' dir='ltr'><strong>et</strong></span> <span class='ocrx_word' id='word_1_216' title='bbox 489 2911 598 2965; x_wconf 83' lang='lat' dir='ltr'><strong>nomine</strong></span> <span class='ocrx_word' id='word_1_217' title='bbox 617 2928 707 2965; x_wconf 90' lang='lat' dir='ltr'><strong>eorum</strong></span> <span class='ocrx_word' id='word_1_218' title='bbox 729 2910 881 2966; x_wconf 89' lang='lat' dir='ltr'><strong>imbreviari</strong></span> <span class='ocrx_word' id='word_1_219' title='bbox 903 2913 992 2967; x_wconf 79' lang='lat' dir='ltr'><strong>facins.</strong></span> <span class='ocrx_word' id='word_1_220' title='bbox 1028 2914 1067 2968; x_wconf 83' lang='lat' dir='ltr'><strong>Et</strong></span> <span class='ocrx_word' id='word_1_221' title='bbox 1090 2934 1229 2972; x_wconf 85' lang='lat' dir='ltr'><strong>summane</strong></span> <span class='ocrx_word' id='word_1_222' title='bbox 1255 2938 1302 2989; x_wconf 92' lang='lat' dir='ltr'><strong>per</strong></span> 
     </span>
     <span class='ocr_line' id='line_1_25' title="bbox 298 2995 1045 3069; baseline 0.004 -17"><span class='ocrx_word' id='word_1_223' title='bbox 298 2995 382 3052; x_wconf 87' lang='lat' dir='ltr'><strong>bonos</strong></span> <span class='ocrx_word' id='word_1_224' title='bbox 393 2998 596 3052; x_wconf 84' lang='lat' dir='ltr'><strong>summonitores</strong></span> <span class='ocrx_word' id='word_1_225' title='bbox 608 3001 658 3052; x_wconf 83' lang='lat' dir='ltr'><strong>etc.</strong></span> <span class='ocrx_word' id='word_1_226' title='bbox 671 3002 702 3052; x_wconf 90' lang='lat' dir='ltr'><strong>ut</strong></span> <span class='ocrx_word' id='word_1_227' title='bbox 715 2998 796 3069; x_wconf 82' lang='lat' dir='ltr'><strong>prius.</strong></span> <span class='ocrx_word' id='word_1_228' title='bbox 837 2998 897 3054; x_wconf 84' lang='lat' dir='ltr'><strong>Lib.</strong></span> <span class='ocrx_word' id='word_1_229' title='bbox 911 3000 953 3063; x_wconf 81' lang='lat'><strong>13,</strong></span> <span class='ocrx_word' id='word_1_230' title='bbox 966 3018 988 3055; x_wconf 89' lang='lat' dir='ltr'><strong>c.</strong></span> <span class='ocrx_word' id='word_1_231' title='bbox 1001 3001 1045 3055; x_wconf 83' lang='lat'><strong>35.</strong></span> 
     </span>
    </p>
   </div>
   <div class='ocr_carea' id='block_1_8' title="bbox 400 3254 1198 3311">
    <p class='ocr_par' dir='ltr' id='par_1_8' title="bbox 400 3254 1198 3311">
     <span class='ocr_line' id='line_1_26' title="bbox 400 3254 1198 3311; baseline 0.011 -9"><span class='ocrx_word' id='word_1_232' title='bbox 400 3263 495 3302; x_wconf 75' lang='lat' dir='ltr'><strong>Bnnvn</strong></span> <span class='ocrx_word' id='word_1_233' title='bbox 516 3264 553 3304; x_wconf 74' lang='lat' dir='ltr'><strong>DE</strong></span> <span class='ocrx_word' id='word_1_234' title='bbox 572 3265 652 3304; x_wconf 69' lang='lat' dir='ltr'><strong>NOVA</strong></span> <span class='ocrx_word' id='word_1_235' title='bbox 671 3265 835 3305; x_wconf 73' lang='lat' dir='ltr'><strong>mssccsmn</strong></span> <span class='ocrx_word' id='word_1_236' title='bbox 854 3267 892 3306; x_wconf 80' lang='lat' dir='ltr'><strong>DE</strong></span> <span class='ocrx_word' id='word_1_237' title='bbox 905 3254 1048 3307; x_wconf 66' lang='lat' dir='ltr'><strong>conicum</strong></span> <span class='ocrx_word' id='word_1_238' title='bbox 1063 3271 1198 3311; x_wconf 72' lang='lat' dir='ltr'><strong>PAS&#39;PURA.</strong></span> 
     </span>
    </p>
   </div>
   <div class='ocr_carea' id='block_1_9' title="bbox 297 3366 1302 3614">
    <p class='ocr_par' dir='ltr' id='par_1_9' title="bbox 297 3366 1302 3614">
     <span class='ocr_line' id='line_1_27' title="bbox 335 3366 1302 3448; baseline 0.013 -28"><span class='ocrx_word' id='word_1_239' title='bbox 335 3367 391 3421; x_wconf 90' lang='lat' dir='ltr'><strong>Rex</strong></span> <span class='ocrx_word' id='word_1_240' title='bbox 404 3366 551 3422; x_wconf 81' lang='lat' dir='ltr'><strong>vicecomiti</strong></span> <span class='ocrx_word' id='word_1_241' title='bbox 564 3366 686 3423; x_wconf 85' lang='lat' dir='ltr'><strong>salutem.</strong></span> <span class='ocrx_word' id='word_1_242' title='bbox 723 3369 838 3437; x_wconf 84' lang='lat' dir='ltr'><strong>Questus</strong></span> <span class='ocrx_word' id='word_1_243' title='bbox 857 3376 897 3426; x_wconf 89' lang='lat' dir='ltr'><strong>est</strong></span> <span class='ocrx_word' id='word_1_244' title='bbox 915 3373 982 3426; x_wconf 91' lang='lat' dir='ltr'><strong>mihi</strong></span> <span class='ocrx_word' id='word_1_245' title='bbox 1000 3374 1046 3444; x_wconf 67' lang='lat' dir='ltr'><strong>N„</strong></span> <span class='ocrx_word' id='word_1_246' title='bbox 1059 3376 1130 3447; x_wconf 89' lang='lat' dir='ltr'><strong>quod</strong></span> <span class='ocrx_word' id='word_1_247' title='bbox 1150 3377 1183 3431; x_wconf 90' lang='lat' dir='ltr'><strong>R.</strong></span> <span class='ocrx_word' id='word_1_248' title='bbox 1202 3377 1302 3448; x_wconf 82' lang='lat' dir='ltr'><strong>injuste</strong></span> 
     </span>
     <span class='ocr_line' id='line_1_28' title="bbox 297 3453 1302 3531; baseline 0.011 -22"><span class='ocrx_word' id='word_1_249' title='bbox 297 3457 326 3509; x_wconf 89' lang='lat' dir='ltr'><strong>et</strong></span> <span class='ocrx_word' id='word_1_250' title='bbox 343 3453 400 3509; x_wconf 88' lang='lat' dir='ltr'><strong>sine</strong></span> <span class='ocrx_word' id='word_1_251' title='bbox 414 3454 516 3526; x_wconf 90' lang='lat' dir='ltr'><strong>judicio</strong></span> <span class='ocrx_word' id='word_1_252' title='bbox 528 3455 673 3510; x_wconf 85' lang='lat' dir='ltr'><strong>disseisivit</strong></span> <span class='ocrx_word' id='word_1_253' title='bbox 684 3475 746 3510; x_wconf 91' lang='lat' dir='ltr'><strong>enm</strong></span> <span class='ocrx_word' id='word_1_254' title='bbox 759 3456 791 3511; x_wconf 88' lang='lat' dir='ltr'><strong>de</strong></span> <span class='ocrx_word' id='word_1_255' title='bbox 802 3460 937 3514; x_wconf 88' lang='lat' dir='ltr'><strong>communi</strong></span> <span class='ocrx_word' id='word_1_256' title='bbox 949 3466 1060 3531; x_wconf 71' lang='lat' dir='ltr'><strong>pastura</strong></span> <span class='ocrx_word' id='word_1_257' title='bbox 1072 3482 1120 3519; x_wconf 77' lang='lat' dir='ltr'><strong>sira</strong></span> <span class='ocrx_word' id='word_1_258' title='bbox 1132 3464 1159 3518; x_wconf 90' lang='lat' dir='ltr'><strong>in</strong></span> <span class='ocrx_word' id='word_1_259' title='bbox 1173 3463 1219 3519; x_wconf 82' lang='lat' dir='ltr'><strong>illc</strong></span> <span class='ocrx_word' id='word_1_260' title='bbox 1231 3466 1302 3530; x_wconf 88' lang='lat' dir='ltr'><strong>villu,</strong></span> 
     </span>
     <span class='ocr_line' id='line_1_29' title="bbox 298 3541 1301 3614; baseline 0.013 -19"><span class='ocrx_word' id='word_1_261' title='bbox 298 3560 349 3614; x_wconf 90' lang='lat' dir='ltr'><strong>qne</strong></span> <span class='ocrx_word' id='word_1_262' title='bbox 368 3541 485 3613; x_wconf 88' lang='lat' dir='ltr'><strong>pertinet</strong></span> <span class='ocrx_word' id='word_1_263' title='bbox 503 3542 537 3596; x_wconf 81' lang='lat' dir='ltr'><strong>ad</strong></span> <span class='ocrx_word' id='word_1_264' title='bbox 555 3541 667 3597; x_wconf 87' lang='lat' dir='ltr'><strong>liberum</strong></span> <span class='ocrx_word' id='word_1_265' title='bbox 686 3548 870 3600; x_wconf 83' lang='lat' dir='ltr'><strong>tenementum</strong></span> <span class='ocrx_word' id='word_1_266' title='bbox 888 3566 965 3601; x_wconf 69' lang='lat' dir='ltr'><strong>sun*n</strong></span> <span class='ocrx_word' id='word_1_267' title='bbox 986 3549 1015 3605; x_wconf 85' lang='lat' dir='ltr'><strong>in</strong></span> <span class='ocrx_word' id='word_1_268' title='bbox 1034 3551 1124 3606; x_wconf 84' lang='lat' dir='ltr'><strong>endem</strong></span> <span class='ocrx_word' id='word_1_269' title='bbox 1136 3552 1201 3606; x_wconf 85' lang='lat' dir='ltr'><strong>villu</strong></span> <span class='ocrx_word' id='word_1_270' title='bbox 1213 3553 1255 3608; x_wconf 89' lang='lat' dir='ltr'><strong>vel</strong></span> <span class='ocrx_word' id='word_1_271' title='bbox 1272 3554 1301 3608; x_wconf 90' lang='lat' dir='ltr'><strong>in</strong></span> 
     </span>
    </p>
   </div>
   <div class='ocr_carea' id='block_1_10' title="bbox 132 3627 1303 3974">
    <p class='ocr_par' dir='ltr' id='par_1_10' title="bbox 132 3627 1303 3974">
     <span class='ocr_line' id='line_1_30' title="bbox 297 3627 1300 3699; baseline 0.002 -7"><span class='ocrx_word' id='word_1_272' title='bbox 297 3627 345 3683; x_wconf 69' lang='lat' dir='ltr'><strong>illa</strong></span> <span class='ocrx_word' id='word_1_273' title='bbox 356 3627 409 3683; x_wconf 65' lang='lat' dir='ltr'><strong>fllia</strong></span> <span class='ocrx_word' id='word_1_274' title='bbox 420 3627 494 3691; x_wconf 65' lang='lat' dir='ltr'><strong>Villa,</strong></span> <span class='ocrx_word' id='word_1_275' title='bbox 503 3632 563 3699; x_wconf 73' lang='lat' dir='ltr'><strong>post</strong></span> <span class='ocrx_word' id='word_1_276' title='bbox 575 3628 699 3683; x_wconf 85' lang='lat' dir='ltr'><strong>ultimam</strong></span> <span class='ocrx_word' id='word_1_277' title='bbox 711 3649 797 3685; x_wconf 87' lang='lat' dir='ltr'><strong>meam</strong></span> <span class='ocrx_word' id='word_1_278' title='bbox 850 3636 1050 3692; x_wconf 83' lang='lat' dir='ltr'><strong>nslretationem</strong></span> <span class='ocrx_word' id='word_1_279' title='bbox 1060 3637 1087 3691; x_wconf 91' lang='lat' dir='ltr'><strong>in</strong></span> <span class='ocrx_word' id='word_1_280' title='bbox 1098 3638 1300 3694; x_wconf 77' lang='lat' dir='ltr'><strong>Rormannium.</strong></span> 
     </span>
     <span class='ocr_line' id='line_1_31' title="bbox 298 3635 1303 3803; baseline 0.009 -32"><span class='ocrx_word' id='word_1_281' title='bbox 298 3715 336 3771; x_wconf 82' lang='lat' dir='ltr'><strong>Et</strong></span> <span class='ocrx_word' id='word_1_282' title='bbox 355 3714 413 3773; x_wconf 87' lang='lat' dir='ltr'><strong>ideo</strong></span> <span class='ocrx_word' id='word_1_283' title='bbox 424 3635 899 3803; x_wconf 39' lang='grc' dir='ltr'><strong>ΜΨ</strong></span> <span class='ocrx_word' id='word_1_284' title='bbox 922 3723 958 3778; x_wconf 88' lang='lat' dir='ltr'><strong>N.</strong></span> <span class='ocrx_word' id='word_1_285' title='bbox 977 3724 1068 3778; x_wconf 85' lang='lat' dir='ltr'><strong>lecerit</strong></span> <span class='ocrx_word' id='word_1_286' title='bbox 1086 3729 1112 3779; x_wconf 87' lang='lat' dir='ltr'><strong>te</strong></span> <span class='ocrx_word' id='word_1_287' title='bbox 1130 3743 1251 3780; x_wconf 87' lang='lat' dir='ltr'><strong>securum</strong></span> <span class='ocrx_word' id='word_1_288' title='bbox 1270 3727 1303 3782; x_wconf 88' lang='lat' dir='ltr'><strong>de</strong></span> 
     </span>
     <span class='ocr_line' id='line_1_32' title="bbox 132 3802 1302 3883; baseline -0.003 -12"><span class='ocrx_word' id='word_1_289' title='bbox 132 3867 179 3877; x_wconf 82' lang='grc'><strong>,,</strong></span> <span class='ocrx_word' id='word_1_290' title='bbox 245 3848 252 3853; x_wconf 99' lang='grc'>-</span> <span class='ocrx_word' id='word_1_291' title='bbox 297 3802 410 3871; x_wconf 70' lang='lat' dir='ltr'><strong>clamore</strong></span> <span class='ocrx_word' id='word_1_292' title='bbox 428 3832 476 3869; x_wconf 90' lang='lat' dir='ltr'><strong>suc</strong></span> <span class='ocrx_word' id='word_1_293' title='bbox 495 3810 684 3883; x_wconf 83' lang='lat' dir='ltr'><strong>prosequendo,</strong></span> <span class='ocrx_word' id='word_1_294' title='bbox 698 3815 762 3865; x_wconf 91' lang='lat' dir='ltr'><strong>tunc</strong></span> <span class='ocrx_word' id='word_1_295' title='bbox 780 3810 861 3865; x_wconf 81' lang='lat' dir='ltr'><strong>facies</strong></span> <span class='ocrx_word' id='word_1_296' title='bbox 880 3809 1017 3865; x_wconf 85' lang='lat' dir='ltr'><strong>duodecim</strong></span> <span class='ocrx_word' id='word_1_297' title='bbox 1036 3810 1132 3865; x_wconf 86' lang='lat' dir='ltr'><strong>liberos</strong></span> <span class='ocrx_word' id='word_1_298' title='bbox 1151 3815 1199 3866; x_wconf 89' lang='lat' dir='ltr'><strong>etc.</strong></span> <span class='ocrx_word' id='word_1_299' title='bbox 1213 3812 1302 3868; x_wconf 87' lang='lat' dir='ltr'><strong>videre</strong></span> 
     </span>
     <span class='ocr_line' id='line_1_33' title="bbox 298 3896 1300 3974; baseline -0.003 -17"><span class='ocrx_word' id='word_1_300' title='bbox 298 3907 436 3974; x_wconf 85' lang='lat' dir='ltr'><strong>pasturam</strong></span> <span class='ocrx_word' id='word_1_301' title='bbox 448 3899 522 3955; x_wconf 86' lang='lat' dir='ltr'><strong>illam</strong></span> <span class='ocrx_word' id='word_1_302' title='bbox 534 3901 563 3955; x_wconf 87' lang='lat' dir='ltr'><strong>et</strong></span> <span class='ocrx_word' id='word_1_303' title='bbox 574 3902 755 3954; x_wconf 79' lang='lat' dir='ltr'><strong>tenementum</strong></span> <span class='ocrx_word' id='word_1_304' title='bbox 768 3900 795 3952; x_wconf 88' lang='lat' dir='ltr'><strong>ct</strong></span> <span class='ocrx_word' id='word_1_305' title='bbox 808 3896 916 3951; x_wconf 87' lang='lat' dir='ltr'><strong>nomina</strong></span> <span class='ocrx_word' id='word_1_306' title='bbox 928 3915 1019 3951; x_wconf 87' lang='lat' dir='ltr'><strong>corum</strong></span> <span class='ocrx_word' id='word_1_307' title='bbox 1032 3901 1082 3952; x_wconf 84' lang='lat' dir='ltr'><strong>ete.</strong></span> <span class='ocrx_word' id='word_1_308' title='bbox 1107 3896 1166 3952; x_wconf 85' lang='lat' dir='ltr'><strong>Lib.</strong></span> <span class='ocrx_word' id='word_1_309' title='bbox 1175 3899 1217 3962; x_wconf 84' lang='lat'><strong>13,</strong></span> <span class='ocrx_word' id='word_1_310' title='bbox 1227 3918 1248 3952; x_wconf 88' lang='lat' dir='ltr'><strong>c.</strong></span> <span class='ocrx_word' id='word_1_311' title='bbox 1257 3899 1300 3956; x_wconf 83' lang='lat'><strong>37.</strong></span> 
     </span>
    </p>
   </div>
   <div class='ocr_carea' id='block_1_11' title="bbox 0 0 1504 4972">
    <p class='ocr_par' dir='ltr' id='par_1_11' title="bbox 0 0 1504 4972">
     <span class='ocr_line' id='line_1_34' title="bbox 0 0 1504 4972; baseline 0 2"><span class='ocrx_word' id='word_1_312' title='bbox 0 0 1504 4972; x_wconf 95' lang='lat' dir='ltr'><strong> </strong></span> 
     </span>
    </p>
   </div>
  </div>
 </body>
</html>
