3000 4972
286 512 347 576 180
532 530 663 573 anacim
688 530 1033 574 anone-uonnaumcn.

285 682 407 766 Nig'elli
426 681 580 765 Elyensis,
595 688 627 746 et
652 681 800 745 Nicholai
822 683 1038 746 Landavensis
1063 682 1287 766 episcoporum,

284 793 464 877 praedictam
483 793 643 856 eeclesiam
668 793 760 856 Beati
783 792 918 857 Gundlei
943 793 1050 856 abbati
1072 800 1105 856 et
1127 791 1289 855 monachis

286 904 486 968 Gloucestriae
501 904 759 988 adjudicavimus,
806 905 927 968 Deinde
950 905 1089 988 inspecta
1104 910 1190 967 carta
1210 925 1288 986 prae-

284 1015 344 1080 fati
355 1017 489 1096 eomitiS,
506 1015 648 1080 advocati
665 1016 761 1098 hujus
785 1017 928 1094 eeclesiae,
944 1039 1008 1099 qua
1024 1015 1111 1079 illam
1127 1013 1288 1078 eeclesiam

285 1149 356 1190 cum
368 1127 512 1190 omnibus
523 1127 722 1210 pertinentiis
732 1127 796 1191 suis
805 1127 951 1210 pradicto
961 1126 1148 1190 monasterio
1159 1124 1288 1188 liberam

285 1244 317 1302 et
329 1239 469 1322 quietam
484 1238 517 1301 in
534 1245 720 1322 perpetuum
736 1239 898 1315 concessit,
914 1243 946 1300 ct
962 1238 1058 1316 dedit,
1074 1244 1106 1301 et
1121 1236 1287 1301 confirma-

284 1349 333 1413 vit
341 1375 351 1426 3
376 1372 424 1427 ne,
439 1350 529 1432 lapsu
551 1356 739 1433 temporum,
755 1349 837 1433 quod
860 1349 907 1413 vel
924 1356 999 1413 ante
1014 1371 1070 1412 nos
1090 1348 1141 1413 vel
1162 1371 1288 1432 pernes

285 1483 378 1544 super
388 1460 494 1524 eadem
505 1460 632 1524 ecclesia
643 1461 763 1524 factum
775 1465 833 1537 est,
846 1459 879 1522 in
889 1459 1016 1523 irritum
1025 1465 1129 1544 posset
1139 1459 1287 1537 revocari,

286 1573 472 1636 auctoritate
487 1594 550 1657 qua
564 1571 729 1656 fungimur
745 1572 942 1656 saepedictam
953 1571 1114 1635 ecclesiam
1129 1594 1202 1634 cum
1221 1593 1287 1634 om-

286 1683 380 1746 nibus
406 1684 445 1747 ad
471 1706 540 1747 eam
564 1683 793 1768 pcrtinentibus
818 1683 1005 1747 monasterio
1031 1681 1232 1747 Gloucestriae
1253 1681 1288 1751 iu

286 1794 485 1859 elemosinam
508 1800 689 1879 perpetuam
712 1795 928 1875 concessimus,
951 1800 983 1858 et
998 1792 1158 1879 praesentis
1180 1791 1289 1876 scripti

287 1905 465 1968 munimine
480 1905 722 1984 confirmamus;
746 1912 777 1969 et
793 1928 861 1969 eam
876 1906 923 1968 ita
938 1904 1157 1968 confirmatam
1172 1904 1206 1966 in
1221 1926 1289 1987 per-

285 2023 416 2099 petuum
431 2037 495 2078 esse
510 2016 719 2079 concedimus.
768 2017 846 2078 Haec
866 2021 974 2080 autem
996 2015 1193 2080 confirmatio
1205 2015 1289 2078 facta

287 2125 388 2218 estin
404 2147 487 2188 anno
503 2124 668 2188 millesimo
684 2127 854 2190 centesimo
871 2127 1132 2211 quinquagesimo
1147 2132 1234 2191 sexto
1250 2127 1289 2190 ab

288 2237 508 2301 Incarnatione
524 2236 665 2314 Domini,
680 2245 712 2301 et
727 2238 846 2302 decimo
862 2240 996 2323 septimo
1013 2240 1162 2303 kalendas
1188 2239 1208 2301 J
1212 2237 1289 2301 unii.

286 2346 409 2412 Valete.

288 2509 488 2574 [confirmation
518 2507 554 2569 by
583 2507 716 2566 Nicholns,
745 2509 839 2571 bishop
867 2510 897 2558 of
922 2510 1047 2567 Llandaff,
1080 2508 1216 2570 recording
1245 2507 1291 2556 tho

706 2587 867 2651 judgment.]

332 2706 497 2769 Universis
515 2704 639 2768 Sanctae
655 2705 770 2770 Matris
782 2705 926 2770 Ecclesiae
938 2706 1020 2784 filiis,
1032 2704 1218 2783 Niclrolaus,
1230 2703 1291 2767 Dei

289 2817 394 2900 gratia
405 2816 619 2880 landavensis
632 2817 804 2900 episcopm,
820 2818 955 2881 salutem
978 2823 1010 2880 et
1030 2815 1290 2880 benedictionem.

288 2928 424 2993 Noverit
435 2928 547 2991 caritas
558 2933 672 3005 vestra,
684 2928 765 3010 qnod
782 2928 990 3000 concedimus,
1000 2934 1033 2991 ct
1045 2926 1190 3011 prasenti
1206 2932 1292 2989 carta

288 3041 518 3116 confirmamus,
534 3039 668 3102 ccclesia}
689 3041 798 3103 Sancti
816 3039 901 3103 Petri
919 3039 1118 3103 Glonccstriae
1133 3036 1293 3102 ecclesiam

291 3151 403 3216 Sancti
432 3149 568 3213 Gundlei
588 3149 627 3212 de
651 3149 742 3213 Novo
769 3152 878 3231 Burgo
899 3174 971 3215 enm
996 3150 1142 3214 omnibus
1165 3148 1291 3212 adeam

288 3261 528 3347 pertinentibus.
574 3260 739 3323 Celebrate
758 3284 892 3345 namque
911 3264 1030 3347 synodo
1051 3261 1134 3344 apud
1155 3258 1293 3343 Kayrdif

289 3372 390 3436 totius
424 3369 509 3448 cleri,
543 3370 755 3432 recordatione
783 3373 989 3452 cognovimus
1019 3373 1147 3435 candem
1175 3370 1214 3433 ad
1240 3371 1293 3453 jus

289 3481 512 3546 monachorum
532 3480 732 3544 Gleucestriae
747 3482 914 3563 pertinere,
924 3488 956 3545 et·
972 3483 1163 3564 praecedente
1173 3480 1293 3544 domini

289 3591 524 3658 Cantuariensis
534 3591 692 3667 mandato,
703 3597 735 3654 et
748 3593 830 3674 regis
844 3593 974 3663 chrici
984 3593 1118 3677 junioris
1132 3604 1292 3677 praecepto,

291 3703 497 3770 Hamclinnm
510 3702 655 3765 abbatem
666 3702 866 3766 Gloneestriae
876 3712 907 3767 ct
923 3704 1091 3768 monachos
1106 3726 1177 3767 suos
1197 3709 1293 3768 retro-

288 3816 367 3882 actis
388 3837 457 3878 cam
477 3813 672 3896 temporibus
688 3814 856 3897 possedisse
876 3814 1028 3896 legitimis
1050 3815 1186 3879 testibus
1210 3837 1295 3879 com-

288 3926 445 4014 probavit,
461 3931 492 3988 et
514 3924 675 4008 probatam
693 3926 914 4008 possessionem
932 3926 1031 3989 totius
1051 3926 1163 4010 synodi
1177 3925 1295 4008 judicio

289 4036 495 4122 recuperavit.
542 4034 696 4097 Volumus
717 4035 818 4117 igitur
833 4040 865 4098 et
881 4036 1076 4119 praecipimus
1092 4042 1128 4101 ut
1148 4038 1295 4101 monachi

290 4147 490 4217 Gloucestriae
516 4146 621 4229 quiete
644 4145 823 4230 possideant
847 4147 880 4209 in
901 4154 1087 4230 perpetuum
1113 4149 1294 4231 praedictam

290 4263 448 4327 ecelesiam
465 4282 537 4322 cum
553 4260 699 4322 omnibus
714 4258 752 4321 ad
769 4282 836 4322 eam
854 4259 1091 4343 pertinentibus.
1138 4262 1181 4323 Et
1197 4283 1235 4323 ne
1255 4260 1294 4323 ab
