3000 4972
239 528 279 589 28
486 544 617 591 annena
643 544 991 589 naono-noansumcn.

238 696 412 761 benedicas.
459 695 616 762 Praterea
638 697 686 761 foc
703 703 742 762 ut
757 697 803 760 illi
820 696 939 761 faciant
953 702 1081 781 pontem
1106 696 1144 760 de
1160 696 1246 776 Heli,

239 807 306 873 eino
336 808 538 873 extenuatione
567 809 622 894 qni
648 830 720 873 enm
747 809 831 873 soliti
857 822 932 872 snut
959 809 1068 873 facere.
1116 809 1246 893 Inquiro

239 940 295 1003 por
304 918 485 1004 opimopnm
497 920 785 997 constantiensem,
797 927 830 984 et
842 943 897 1004 per
908 920 1086 1003 episcopum
1098 919 1244 984 Walche-

239 1028 485 1115 li1nnn,etpor
509 1035 646 1103 interos,
663 1030 716 1115 qni
744 1037 844 1094 terras
871 1037 986 1094 sanetae
1012 1030 1245 1107 AEtheldrithae,

239 1140 332 1205 soriti
350 1148 383 1204 ot
393 1141 494 1225 janni
512 1142 664 1215 fecerunt,
679 1140 837 1226 quomodo
847 1140 963 1223 jnmtae
978 1141 1116 1217 fuerunt,
1133 1146 1166 1204 et
1189 1142 1244 1225 qni

238 1273 290 1317 eriis
301 1252 499 1337 jnraverunt,
518 1260 551 1316 et
567 1252 619 1337 qni
632 1251 825 1335 jurationem
841 1250 1019 1329 andierunt,
1034 1258 1067 1315 et
1082 1275 1149 1336 quae
1171 1257 1246 1315 sunt

239 1370 340 1437 tenna
357 1368 390 1427 et
404 1370 543 1447 (laniantia,
560 1369 593 1428 et
608 1370 698 1447 quot,
714 1372 746 1427 et
761 1361 918 1445 quomodo
933 1369 1061 1440 vocatae,
1076 1370 1108 1426 et
1123 1363 1177 1446 qui
1193 1385 1245 1426 eas

240 1478 360 1541 teiieint.
409 1472 471 1537 liis
488 1471 639 1538 distincto
660 1472 779 1537 notatis
805 1479 835 1536 et
864 1472 1000 1556 scriptis,
1027 1473 1076 1536 fac
1102 1478 1141 1536 nt
1166 1473 1244 1536 scito

238 1580 310 1647 inde
327 1582 369 1647 ni
386 1582 553 1649 venitatem
578 1582 781 1669 perbrevem
805 1589 898 1647 tuum
926 1583 1022 1646 seiam
1048 1589 1083 1648 et
1108 1606 1181 1647 cnm
1208 1606 1244 1647 eo

238 1693 347 1761 verrint
362 1694 490 1777 bigastns
504 1694 639 1761 abbatis.

239 1900 306 1967 [The
328 1901 414 1963 kirig's
437 1901 496 1951 verit
518 1901 701 1963 commanding
722 1901 782 1951 that
801 1902 848 1951 the
870 1906 987 1951 custosne
1008 1903 1039 1952 os
1058 1904 1108 1966 ΕΙ]
1130 1904 1163 1952 be
1185 1917 1241 1965 pm·

650 1975 834 2042 nemeaea?

280 2107 462 2171 Willelmns
476 2129 530 2170 rex
546 2106 737 2189 Anglornm,
754 2106 932 2170 Lanfraneo
952 2107 1192 2193 archiepiscopo,
1209 2115 1242 2171 et

238 2216 398 2282 Goisfrido
410 2215 671 2280 Constanciarnm
684 2215 829 2299 episcopo
844 2221 940 2299 atque
953 2216 1110 2281 Rodberto
1119 2218 1241 2293 comiti,

234 2328 379 2392 salutem.
427 2324 548 2389 Mando
563 2325 653 2389 vobis
668 2330 707 2388 ut
721 2325 869 2389 abbatem
894 2325 932 2390 de
955 2326 1041 2403 Heli,
1068 2326 1135 2390 sine
1161 2327 1240 2390 dila-

235 2438 323 2503 tione
337 2437 450 2501 habere
465 2434 589 2499 faciatis
604 2434 866 2513 benedictionem,
882 2441 915 2500 et
929 2441 1028 2501 terras
1051 2459 1122 2499 snas
1146 2442 1241 2521 atque

235 2570 344 2614 omnes
370 2545 611 2612 consuetudines
636 2554 674 2610 nt
705 2547 793 2611 vobis
822 2570 902 2632 sape
932 2570 988 2631 per
1015 2548 1126 2612 breves
1157 2571 1241 2611 meos

235 2658 394 2725 mandavi.
439 2658 484 2723 Et
508 2656 659 2744 quiequid
685 2657 752 2741 ipse
778 2657 1011 2742 perplacitum
1036 2657 1075 2722 de
1100 2657 1240 2723 dominio

234 2767 436 2855 adquisierit3
461 2768 507 2833 nil
522 2768 669 2854 cuiquam
686 2768 761 2833 inde
782 2768 905 2833 tribuat
921 2769 983 2833 uisi
1011 2792 1080 2834 mea
1103 2769 1242 2849 lieentia,

234 2889 267 2945 et
282 2878 352 2945 sede
367 2878 554 2966 placitorum
570 2878 599 2944 ei
615 2879 708 2945 facite
724 2886 854 2958 rectum,
871 2879 1072 2945 defendentes
1087 2887 1124 2946 ut
1134 2882 1241 2948 nullus

147 3060 152 3068 ,
234 2990 301 3071 ojus
331 2989 451 3054 incidat
481 2989 586 3068 silvas,
617 2990 889 3076 munitionemque
924 3014 1014 3055 suam
1055 2992 1170 3055 habeat
1207 2991 1239 3053 in

235 3099 364 3164 Norwic
378 3104 411 3163 et
425 3100 568 3165 homines
583 3100 631 3163 sni
655 3100 720 3163 sint
742 3101 785 3164 ibi
812 3123 884 3165 cum
908 3123 985 3184 opus
1008 3101 1104 3164 fuerit
1118 3101 1239 3164 omnia·

234 3230 368 3295 quesne
383 3231 455 3273 cum
470 3209 586 3273 honore
600 3209 716 3274 habeat
730 3216 811 3275 teste
826 3210 952 3294 Rogero
966 3211 1006 3274 de
1021 3210 1136 3274 Ivreio.

476 3392 607 3458 [Another
620 3392 720 3441 similar
730 3393 791 3442 writ
803 3393 831 3442 of
842 3393 886 3442 the
898 3391 1000 3457 king.]¹

276 3518 458 3583 Willelmus
487 3540 542 3582 rex
571 3517 764 3601 Anglorum,
795 3518 972 3583 Lanfranco
998 3518 1239 3606 archiepiscopo,

233 3637 267 3696 et
283 3629 453 3709 Goisfrido,
476 3628 620 3692 salutem.
666 3628 809 3693 Volent
835 3629 1025 3693 consecratio
1050 3629 1175 3693 abbatis
1201 3631 1239 3695 de

236 3742 311 3807 Heli
327 3763 419 3826 qnam
441 3738 607 3823 Remigius
621 3739 785 3823 episcopus
801 3739 940 3824 requirit,
957 3745 1118 3804 remaneat
1141 3741 1239 3806 donec

234 3877 289 3940 per
303 3853 426 3917 litteras
441 3856 514 3915 tuas
529 3871 717 3934 cognoscam
733 3850 760 3914 si
777 3849 946 3935 Remigius
970 3852 1173 3930 monstravit,
1188 3852 1239 3916 vel

234 3968 409 4037 monstrare
424 3961 552 4048 poterit,
568 3961 650 4047 qnod
665 3967 876 4026 antecessores
891 3961 939 4025 sui
955 3962 1085 4028 abbates
1100 3963 1138 4028 de
1152 3964 1238 4042 Heli,
1308 3977 1310 3980 ’

233 4081 478 4143 consecrassent.
526 4074 619 4138 Quod
634 4079 669 4137 at
691 4072 965 4138 Christianitatem
980 4073 1118 4158 pertinet
1132 4075 1166 4138 iu
1184 4074 1240 4138 illa

268 4258 274 4292 ¹
294 4256 371 4305 Liber
383 4254 505 4312 latiensis,
518 4252 567 4302 259
580 4251 660 4316 (Aug.
672 4250 755 4300 Chris·
770 4249 849 4314 Soe.).
1069 4252 1078 4282 ²
1097 4252 1203 4301 1b.2ee.

52 4448 351 4676 Λ
