3000 4972
646 578 788 622 vrnursrr
810 577 832 620 1.
1225 560 1244 618 3

241 739 450 816 agnoscentes
487 729 651 809 animum,¹
682 753 721 795 ne
751 730 816 794 suis
844 727 1015 793 honoribus
1043 726 1244 811 privarentur

243 843 403 923 timerent,
419 842 616 907 venerandus
637 841 687 906 vir
702 841 901 919 Wulstanus,
920 838 1141 922 Wigornensis
1160 838 1242 922 epis·

242 976 349 1039 copus,
389 953 597 1039 possessiones
641 952 841 1037 quamplures
884 951 933 1015 sui
971 950 1167 1034 episcopatus
1203 948 1243 1013 ab

243 1065 381 1130 Aldredo
404 1063 643 1147 archiepiscopo,
668 1063 744 1126 dum
770 1085 790 1126 0
814 1061 1017 1146 Wigornensi
1047 1060 1175 1125 ecclesia
1203 1060 1244 1124 ad

244 1165 471 1240 Eboracensem
495 1173 729 1252 transferretur,
752 1197 807 1237 sua
833 1173 977 1259 00000010
1002 1178 1152 1250 retentas,
1175 1193 1244 1256 quae

243 1309 279 1350 00
308 1291 387 1350 tunc
417 1285 567 1350 defuncto
603 1285 637 1347 in
675 1285 795 1369 regium
828 1290 1017 1368 potestatem
1045 1284 1245 1360 devenerant,

245 1402 430 1460 constanter
462 1395 685 1479 proclamabat,
716 1395 891 1478 expetebat,
917 1394 1140 1479 justitiamque
1173 1393 1246 1456 indo

245 1505 312 1570 fieri
337 1513 405 1570 tam
429 1507 469 1570 ab
496 1506 572 1590 ipsis
597 1506 654 1590 qui
678 1506 809 1570 concilio
835 1511 998 1589 praeerant,
1015 1527 1111 1589 qnam
1131 1527 1150 1566 0
1172 1525 1246 1587 rege

245 1615 422 1700 flagitabat.
466 1619 513 1680 At
543 1616 616 1701 quia
645 1615 850 1680 Eboracensis
873 1615 1012 1691 00010010,
1039 1637 1102 1679 000
1128 1614 1247 1678 habens

245 1733 404 1813 pastorem
429 1727 484 1811 qui
511 1750 566 1811 pro
590 1749 625 1790 00
648 1726 837 1811 loqueretur,
859 1732 951 1789 muta
972 1732 1050 1803 erat,
1068 1725 1247 1809 judicatum

247 1844 345 1902 estut
360 1838 428 1922 1000
442 1838 568 1922 querela
583 1838 626 1901 sic
644 1844 818 1902 remaneret
833 1861 1005 1922 quousque,
1018 1837 1248 1921 archiepiscopo

246 1948 293 2012 ibi
318 1949 493 2013 constituto
519 1948 573 2033 qui
599 1948 759 2013 ecclesiam
783 1949 971 2028 defenderet,
992 1949 1068 2012 dum
1091 1954 1172 2013 00000
1194 1946 1250 2032 qui

249 2059 315 2143 ejus
331 2059 462 2143 querela>
486 2060 750 2143 responderentur
772 2059 901 2144 objectis
923 2066 956 2124 00
976 2059 1131 2144 responsis
1145 2062 1251 2142 posset

248 2169 426 2234 evidentius
455 2192 491 2234 ac
510 2169 629 2253 justius
654 2170 810 2253 judicium
841 2170 917 2235 fieri.
965 2171 1078 2257 Sicque
1107 2175 1185 2234 tuno
1214 2192 1251 2234 00

250 2279 375 2364 querela
394 2281 434 2344 ad
459 2286 584 2364 tempus
607 2282 767 2346 remansit.
794 2332 800 2346 .
827 2332 833 2346 .
858 2332 865 2346 .
890 2281 1011 2346 Deinde
1033 2281 1251 2345 Landfrancus

248 2391 403 2454 'rhomam
440 2391 668 2456 Eboracensem
709 2393 901 2458 consecravit
940 2393 1130 2478 episcopum.
1189 2392 1251 2455 His

248 2501 359 2586 gestis,
384 2502 546 2566 reverendi
571 2503 723 2582 Wlstani,
748 2504 970 2588 Wigornensis
993 2504 1140 2588 episcopi,
1164 2508 1252 2567 mota

249 2618 298 2677 000
319 2613 438 2677 iterum
460 2614 595 2697 querela,
610 2613 753 2698 00100000
772 2615 840 2698 jam
856 2622 1035 2679 0000000000
1049 2614 1181 2693 Thema,
1197 2613 1252 2699 qui

249 2746 305 2808 pro
331 2723 521 2789 Eboracensi
551 2725 729 2809 loqueretur
754 2725 900 2804 ecclesia;
933 2733 966 2789 ct
992 2725 1026 2788 in
1055 2724 1193 2803 consilio,
1218 2724 1253 2787 in

249 2835 316 2899 loco
346 2834 401 2919 qui
430 2842 560 2900 vocatur
597 2836 734 2900 Pedreda
771 2836 936 2914 celebrato,
966 2857 1071 2899 corani
1107 2857 1180 2919 rege
1216 2857 1253 2898 ac

251 2943 456 3009 Doruberniae
496 2944 726 3030 archiepiscopo
769 2946 978 3024 Landfraneo,
1018 2952 1051 3010 00
1091 2925 1253 3030 001000010,

251 3053 429 3133 abbatibus,
452 3055 631 3134 comitibus,
654 3063 686 3120 et
708 3056 897 3140 primatibus
920 3057 1020 3122 totius
1043 3055 1178 3140 Anglian,
1192 3054 1253 3119 Dei

253 3165 356 3249 gratia
379 3165 636 3247 adminiculante,
651 3174 700 3232 est
719 3169 898 3233 terminata.
944 3168 1075 3233 Cunctis
1098 3167 1250 3251 siquidem

251 3274 516 3339 machinamentis
550 3299 615 3340 non
644 3277 778 3343 veritate
807 3278 945 3361 stipatis,
975 3277 1088 3362 quibus
1117 3278 1253 3341 'ihomas

252 3385 379 3470 ejusque
404 3386 542 3450 fautores
564 3387 807 3472 Wigornensem
832 3389 993 3453 ecclesiam
1016 3387 1198 3472 deprimere,
1221 3393 1254 3451 00

252 3496 441 3561 Eboracensi
463 3498 597 3562 ecclesiae
619 3500 782 3584 subjicere,
802 3501 1008 3584 ancillamque
1031 3500 1130 3563 facere
1154 3498 1254 3562 modis

253 3607 400 3671 omnibus
416 3609 615 3691 satagebant,
625 3610 714 3693 justo
729 3610 791 3674 Dei
801 3610 921 3693 judicio
936 3632 972 3674 00
987 3611 1112 3694 00010010
1127 3611 1255 3674 eviden-

253 3718 386 3783 tissimis
409 3719 544 3799 detritis,
570 3726 603 3786 00
627 3721 755 3805 0001000
779 3721 974 3800 annihilatis,
997 3743 1061 3785 non
1082 3721 1184 3785 solum
1206 3722 1256 3786 vir

254 3831 316 3894 Dei
345 3832 513 3896 Wlstanus
554 3833 761 3917 proclamatus
791 3838 824 3897 et
861 3833 1016 3917 expetitas
1049 3832 1256 3915 possessiones

254 3942 382 4026 recepit,
409 3943 463 4008 sed
489 3948 523 4007 et
546 3966 636 4007 suam
665 3942 839 4022 ecclesiam,
864 3943 932 4007 Deo
961 3943 1097 4007 donante
1121 3965 1156 4006 00
1183 3964 1257 4025 rege

256 4053 458 4132 concedente,
488 4076 523 4118 ea
561 4054 705 4119 libertate
734 4053 865 4118 liberam
894 4053 1040 4136 suscepit,
1070 4074 1132 4135 qua
1160 4051 1257 4134 primi

192 4234 196 4243 ¹
288 4249 447 4313 ¹'l'lrsking
462 4250 514 4299 had
531 4250 625 4299 atthis
641 4249 742 4300 coancil
760 4249 872 4313 deposed
888 4248 1121 4309 twobishopsand
1137 4249 1259 4298 removed
1288 4254 1292 4260 “

255 4343 335 4392 many
347 4329 449 4379 abbata.
484 4329 597 4392 11005.

747 4418 809 4477 st
