3000 4972
324 559 385 621 988
739 576 910 623 seranum.

319 730 436 784 cinctum
449 734 476 784 ct
493 729 616 799 juratum
635 747 721 783 comm
745 749 793 793 me,
807 736 835 785 et
850 732 901 785 Urs
922 731 953 786 de
972 732 1083 795 Abetot,
1096 735 1124 786 et
1136 731 1255 785 Osberno
1275 728 1334 783 filio

319 816 425 876 Eserob,
438 821 465 871 et
485 816 586 870 caeteris
608 815 750 871 baronibus
770 818 848 888 regis,
865 819 1003 890 judicante
1021 823 1048 873 et
1066 818 1225 874 testificante
1249 816 1324 872 omni

320 904 513 956 viceromitntn.

354 991 424 1059 [The
437 991 572 1057 following
581 990 826 1061 aohnowledgmont
835 993 865 1045 of
872 994 916 1046 the
929 993 1040 1047 concord
1051 993 1166 1047 whichis
1176 991 1329 1046 mentioned

318 1079 346 1133 iu
359 1079 405 1133 the
424 1078 488 1149 ples,
502 1083 573 1140 irrite,
587 1097 610 1147 p.
626 1080 668 1140 19,
681 1078 703 1131 is
717 1079 796 1148 given
815 1079 850 1150 by
864 1081 993 1151 lleming‚
1007 1099 1022 1134 a
1035 1081 1117 1134 monh
1130 1080 1160 1134 ol
1172 1079 1321 1134 worcester

317 1170 346 1220 at
357 1166 403 1219 the
417 1166 489 1228 time,
498 1164 567 1218 from
579 1165 674 1227 whom,
685 1164 786 1228 indeed,
796 1165 831 1219 all
840 1166 885 1221 the
893 1172 994 1238 reporto
1002 1167 1031 1221 of
1039 1166 1093 1221 this
1103 1167 1230 1221 casehere
1239 1166 1323 1236 given

319 1252 387 1307 have
400 1253 464 1307 been
476 1251 582 1305 derived
594 1251 665 1320 :-]¹

354 1338 1321 1410 Hecestcoufirmatioconventionis,sactcinterepiseopulefatanum,

316 1433 343 1483 et
357 1428 505 1481 Walterum
515 1425 637 1480 abbatem
650 1425 682 1479 de
696 1426 855 1489 Eouesham,
868 1427 900 1481 de
914 1428 973 1481 XV.
988 1428 1058 1482 hidis
1071 1428 1098 1481 in
1114 1427 1275 1490 Heamtoue,
1288 1432 1319 1480 et

316 1515 391 1568 1111.
411 1515 438 1567 in
459 1512 701 1583 Bennincuuyrthe.
742 1513 798 1567 Hoc
816 1520 865 1576 est,
887 1515 957 1585 quod
978 1515 1032 1584 ipse
1051 1515 1132 1569 abbas
1154 1513 1319 1585 recognovit,

315 1605 383 1656 teste
395 1601 466 1655 omni
486 1604 617 1654 conventu
637 1599 832 1670 Uuigornensis
852 1601 964 1663 ecclesio,
984 1605 1011 1655 et
1032 1601 1125 1655 multis
1144 1600 1271 1655 fratribus
1285 1599 1318 1654 de

316 1689 476 1751 Eouesbam,
490 1693 517 1742 et
531 1688 653 1759 Remigio
672 1688 800 1758 episeopo,
814 1695 840 1741 et
862 1689 978 1744 llenrico
990 1690 1023 1744 de
1036 1690 1147 1753 Fereris,
1160 1694 1187 1744 et
1201 1689 1320 1743 Waltero

316 1775 443 1837 Giffardo
458 1781 484 1828 et
498 1774 591 1833 Adam,
605 1774 676 1845 regis
695 1774 868 1844 principibus,
881 1775 927 1846 qui
947 1775 1126 1830 veneruntad
1145 1775 1318 1847 inquirendas

316 1867 400 1917 terras
416 1863 565 1921 comitatus,
584 1861 654 1932 qnod
673 1861 717 1915 ille
735 1861 794 1914 XV.
811 1862 872 1916 hide
884 1863 959 1933 juste
976 1863 1113 1933 pertinent
1124 1862 1158 1916 ad
1170 1862 1320 1918 Oeuualdes

316 1948 394 2003 lauue
406 1947 574 2025 hundredum
588 1948 710 2019 episcopi,
719 1953 747 2002 et
755 1948 853 2002 debent
866 1968 925 2003 cum
937 1949 993 2020 ipso
1001 1950 1121 2021 episcopo
1130 1968 1238 2004 censum
1246 1950 1319 2021 regis

316 2036 425 2099 solvere,
437 2040 465 2088 et
477 2034 567 2088 omnia
579 2034 749 2088 aliascrvitia
761 2035 794 2088 ad
808 2055 896 2106 regem
907 2036 1075 2106 pertinentia,
1087 2041 1113 2091 et
1127 2035 1188 2090 inde
1200 2035 1270 2090 idem
1279 2054 1319 2090 re-
1409 2098 1415 2105 p

315 2123 417 2193 quirere
430 2122 462 2175 ad
473 2121 660 2191 placitandum,
672 2127 699 2176 ot
707 2122 739 2176 de
747 2123 821 2176 1111.
831 2123 902 2176 hidis
910 2124 1034 2194 predictis
1045 2124 1073 2178 in
1082 2123 1318 2193 Benniucnuyrthe

314 2206 446 2260 similiter.
483 2204 534 2257 Sed
547 2204 685 2274 episcopus
706 2206 743 2259 ibi
756 2204 816 2276 plus
829 2206 1066 2277 calumpniabatur,
1079 2206 1142 2278 quia
1159 2206 1319 2262 reclamabat

313 2297 397 2348 totam
417 2290 504 2361 ipsam
521 2294 620 2345 terram
634 2291 668 2344 ad
680 2310 760 2346 suum
778 2292 944 2356 dominium
964 2294 1010 2348 aed
1022 2294 1085 2364 quia
1098 2294 1154 2364 ipse
1167 2293 1247 2348 abbas
1265 2295 1315 2347 hoo

314 2379 451 2434 humiliter
463 2378 625 2448 recognovit,
638 2384 733 2449 rogatu
751 2379 869 2448 ipsorum
888 2381 934 2450 qui
956 2381 1098 2445 affuerunt,
1110 2381 1167 2451 ipse
1179 2381 1315 2452 episeopus

313 2466 435 2538 permisit
444 2465 515 2518 illam
527 2470 625 2518 terram
638 2464 688 2535 ipsi
702 2465 790 2519 abbati
801 2471 828 2520 et
837 2466 970 2530 fratribus,
979 2467 1025 2521 tali
1036 2472 1120 2537 pacto,
1130 2472 1162 2521 ut
1171 2467 1226 2539 ipse
1234 2466 1316 2522 abbas

312 2554 392 2610 saciat
403 2552 464 2608 inde
472 2556 528 2606 tam
538 2551 717 2606 honorabilem
730 2553 937 2623 recognitionem
947 2559 974 2608 et
981 2555 1128 2618 servitium,
1136 2555 1205 2609 siout
1217 2555 1273 2626 ipse
1282 2554 1316 2608 ab

311 2643 369 2713 ipso
390 2640 512 2712 episcopo
530 2643 558 2694 et
569 2639 697 2710 quamdiu
718 2640 852 2710 requirere
874 2641 981 2710 poterit.
1019 2641 1111 2712 Hujus
1130 2640 1314 2696 conventionis

309 2733 391 2786 testes
410 2731 474 2783 aunt
491 2726 669 2798 prenominati
683 2727 793 2781 barones
805 2727 885 2798 regis,
898 2732 925 2782 et
941 2728 987 2782 alii
1006 2747 1118 2799 quorum
1141 2729 1250 2783 nomina
1269 2728 1314 2783 hic

310 2817 449 2872 habentur.
487 2815 560 2869 Serlo
581 2814 677 2869 abbate
695 2813 726 2867 de
747 2813 904 2879 Gloecestre,
923 2814 1048 2885 Nigellus
1066 2814 1176 2869 clericus
1196 2815 1313 2887 Remigii

308 2903 431 2975 episcopi,
454 2902 504 2957 ulf
522 2902 667 2957 monachus
691 2901 809 2971 Remigii
830 2902 954 2972 episcopi,
969 2902 1032 2955 Wlfi
1054 2902 1192 2973 presbiter,
1211 2902 1316 2958 Ranulf

308 2991 453 3045 monachus
477 2989 605 3061 ejusdem,
627 2989 707 3042 Edric
727 2988 758 3042 de
778 2988 920 3059 Hindelep,
939 2989 1085 3043 Alluuinus
1110 2990 1255 3044 monachus
1279 2990 1312 3045 de

307 3079 403 3133 Sancto
426 3077 557 3147 Remigio,
577 3076 674 3130 Godric
695 3076 727 3130 de
750 3076 829 3139 Piria,
849 3076 966 3130 Ailricus
988 3077 1195 3142 archidiaconus,
1217 3077 1311 3133 Ordric

308 3166 391 3235 niger,
406 3164 555 3218 Fridcricus
567 3163 686 3227 clericus,
697 3163 841 3217 Alsuuinus
854 3163 925 3219 filius
939 3163 1084 3218 Brihtmer.

343 3318 370 3371 It
384 3317 446 3371 thus
459 3334 568 3386 appears
589 3316 647 3371 that
666 3316 720 3371 this
736 3317 980 3389 nelcnowledpment
1000 3318 1031 3372 of
1045 3318 1092 3373 the
1110 3320 1221 3374 concord
1243 3320 1308 3375 with

305 3403 392 3457 which
409 3402 455 3456 the
473 3420 532 3456 case
550 3421 579 3455 as
598 3403 678 3471 given
692 3410 767 3465 ante,
779 3423 805 3474 p.
817 3406 859 3467 19,
872 3404 1040 3470 terminated,
1054 3424 1107 3459 was
1119 3405 1196 3461 made
1215 3406 1243 3460 in
1262 3406 1308 3462 the

302 3509 393 3546 course
413 3490 444 3542 of
461 3489 507 3542 thc
529 3494 605 3558 great
624 3508 720 3560 surrey
740 3490 770 3543 of
793 3491 953 3563 Doomsday.
990 3492 1052 3546 And
1071 3492 1117 3547 the
1135 3493 1189 3547 fuet
1209 3494 1233 3547 is
1251 3495 1307 3550 abso

302 3576 420 3632 affirmed
435 3575 468 3646 bp
482 3575 603 3643 lleming
615 3594 648 3628 on
663 3576 703 3628 his
716 3594 774 3629 own
788 3577 934 3649 authority.
960 3579 1005 3634 He
1017 3598 1092 3650 says:
1111 3581 1215 3636 “Unde
1227 3601 1306 3654 super

301 3664 351 3718 hac
363 3682 390 3717 re
403 3663 472 3716 sacta
485 3661 516 3715 ab
529 3661 593 3732 ipsis
606 3661 782 3731 inquisitione,
796 3667 824 3717 et
835 3665 989 3719 testimonio
1006 3668 1089 3721 totius
1106 3668 1305 3724 vicecomitatus

299 3756 464 3806 sacramento
476 3749 588 3811 firmato,
596 3749 624 3801 in
632 3749 764 3803 autentim
773 3751 842 3821 regis
852 3752 967 3807 cartula²
975 3754 1024 3808 hoc
1033 3755 1216 3810 testimonium
1226 3757 1303 3812 scribi

300 3839 426 3903 fecerunt,
439 3842 466 3892 et
484 3836 566 3907 regali
589 3855 688 3907 suaque
707 3838 866 3892 auctoritate
887 3840 1036 3895 stabilitum
1056 3842 1185 3913 deinceps,
1205 3845 1304 3916 absque

336 4020 342 4052 ¹
364 4017 494 4088 llcrningi
508 4018 580 4072 Cart.
594 4018 609 4073 'r'
612 4020 637 4081 5,
650 4017 711 4070 296.

333 4105 428 4158 ²That
443 4105 473 4168 is,
487 4105 533 4158 the
545 4105 634 4159 record
648 4105 689 4158 for
703 4104 863 4175 Doomsday.
888 4107 936 4160 See
949 4107 1010 4162 Vol.
1023 4107 1056 4170 I.,
1070 4126 1095 4178 p.
1112 4109 1163 4166 172
1176 4110 1201 4175 b,
1214 4113 1302 4168 where

295 4192 342 4246 the
354 4190 505 4245 “cartula'’
518 4191 580 4246 here
593 4190 706 4246 referred
719 4195 755 4254 to,
769 4191 820 4245 and
838 4192 919 4262 given
935 4192 970 4263 by
988 4193 1110 4266 Heming
1127 4214 1161 4250 on
1181 4216 1224 4268 pp.
1239 4200 1299 4260 298.

295 4281 356 4341 299,
370 4278 392 4331 is
406 4277 498 4331 lound.
