3000 4972
77 4452 212 4664 Ἰ

286 545 349 605 196
537 558 669 603 enacim
691 557 1038 603 suono-vonnaurnm.

287 717 320 776 et
335 710 490 776 memoriae
506 709 803 774 commendaverint.
850 711 944 774 Unde
958 716 991 774 et
1006 732 1063 774 nos
1077 711 1116 774 ad
1140 711 1206 774 haee
1219 733 1291 794 pro·

287 822 391 885 banda
416 844 484 906 quae
507 820 644 885 diximus
667 828 760 904 prout
783 821 842 904 ipsi
865 820 1020 904 jusseritis
1043 822 1144 904 parati
1173 843 1291 884 sumus.

288 930 404 996 Valeat
419 932 451 995 in
467 939 651 1015 perpetuum
666 938 754 1016 pater
769 938 801 995 et
816 938 921 995 noster
935 931 1089 996 dominus.

335 1153 499 1219 Univereis
515 1154 639 1217 Sanctae
654 1153 771 1217 Matris
786 1152 931 1217 Ecclesia
945 1152 1028 1232 filiis,
1039 1152 1145 1217 David
1152 1153 1291 1237 Wygor-

290 1264 407 1330 niensis
431 1264 563 1328 coenobii
589 1264 744 1349 quondam
769 1263 863 1348 prior,
889 1264 1030 1329 salutem.
1086 1265 1127 1327 In
1153 1269 1292 1327 extremo

290 1375 410 1440 dierum
436 1398 575 1440 meorum
606 1374 736 1459 positus,
761 1375 926 1438 veritatem
960 1374 1004 1438 rei
1036 1374 1124 1439 vobis
1157 1372 1294 1450 insinuo,

290 1510 382 1572 super
405 1486 561 1551 calumnia
585 1510 678 1571 quam
704 1486 908 1550 Eboracensis
933 1486 1177 1571 archiepiscopus
1199 1485 1295 1549 habet

292 1598 439 1663 adversus
455 1597 613 1662 ecelesiam
630 1598 722 1661 Beati
738 1596 823 1662 Petri
841 1597 1054 1676 Gloucestriae‚
1070 1597 1216 1681 quatinus
1239 1617 1295 1659 vos

293 1709 377 1774 idem
395 1708 602 1773 communiter
623 1708 762 1792 sapiatis,
778 1715 811 1772 et
834 1707 861 1770 si
883 1731 1004 1772 neeesse
1025 1707 1119 1770 hrerit
1143 1713 1295 1790 tanquam

292 1819 436 1885 veritatis
460 1819 518 1882 filii
540 1818 757 1883 testimonium
789 1825 929 1883 vestrum
965 1817 1038 1881 huic
1069 1816 1196 1882 veritati
1231 1839 1294 1880 non

294 1929 426 2014 negetis.
472 1931 542 2013 Ego
561 1929 637 2012 ipse,
654 1929 680 1991 si
703 1930 827 2014 quando
849 1929 1049 1993 tractandum
1074 1935 1122 1992 est
1142 1927 1295 2012 placitum

293 2038 441 2104 interesse
455 2041 592 2119 daretur,
608 2039 792 2104 candentem
809 2040 882 2104 ferri
903 2040 1054 2103 laminam
1076 2039 1126 2105 vel
1149 2038 1297 2123 quicquid

294 2149 424 2234 aquitae
438 2149 569 2234 justitiae
583 2148 716 2214 dictaret
730 2151 942 2234 amplecterer,
954 2149 1034 2213 nihil
1049 2150 1197 2214 hesitans.
1224 2150 1296 2212 Hoc

294 2259 395 2343 igitur
407 2281 510 2324 eoram
526 2261 593 2324 Deo
609 2267 641 2323 et
656 2260 771 2325 sanctis
795 2262 863 2345 ejus
886 2268 1051 2341 contestor,
1066 2261 1149 2346 quod
1170 2259 1296 2325 eeclesia

297 2369 388 2435 Beati
412 2368 497 2435 Petri
530 2370 731 2436 Gloucestriae
760 2370 850 2435 villas
873 2371 961 2451 istas,
986 2372 1104 2437 scilieet
1127 2372 1296 2448 Berthone,

297 2481 428 2559 Leoehe,
442 2479 607 2560 Otintone,
621 2480 661 2545 ab
676 2480 896 2566 ipsotempore
920 2481 1204 2547 sanctimonialium
1228 2503 1297 2566 quaa

295 2590 382 2678 prius
397 2590 514 2656 ibidem
529 2591 762 2668 habitaverunt,
772 2593 909 2676 possedit
921 2600 954 2658 ct
968 2592 1126 2677 possidet;
1150 2590 1297 2656 Stanedis

298 2726 371 2769 vero
386 2725 426 2768 ex
440 2702 607 2767 donatione
623 2703 816 2787 Beornulphi
836 2703 959 2768 comitis
974 2709 1137 2767 consecuta
1152 2708 1209 2768 est.
1252 2703 1298 2766 Bt

296 2813 371 2879 lieet
380 2813 535 2878 Aldredus
544 2813 676 2879 eeclesia
685 2821 799 2878 nostra
810 2814 981 2898 episeopus,
991 2814 1045 2899 qui
1056 2821 1163 2898 postea
1177 2813 1296 2877 Ebora-

297 2924 398 2989 censis
414 2923 669 3010 archiepiscopus,
684 2924 876 3009 aliquamdiu
891 2925 1022 3004 Lecehe,
1035 2925 1191 3003 Stanedis‚
1203 2924 1297 2989 Otin-

242 3130 246 3137 .
298 3042 384 3113 tone,
401 3034 440 3097 ob
463 3035 545 3118 quod
565 3036 808 3099 construendum
830 3035 1121 3119 supranominatum
1143 3043 1298 3100 monaste·

300 3145 382 3208 rium
393 3144 485 3208 Beati
494 3145 580 3208 Petri
593 3146 796 3210 Gloucestriae
813 3145 1015 3230 permissione
1027 3145 1167 3210 Wlstani
1177 3145 1300 3211 abbatis
1404 3165 1407 3172 ·

301 3254 429 3337 cognati
462 3254 512 3317 sui
555 3257 730 3335 retinuerit,
762 3257 958 3321 Berthonam
994 3265 1100 3322 autem
1126 3280 1300 3341 nunquam,

301 3385 401 3446 neque
415 3361 449 3426 in
464 3364 618 3447 praedietis
632 3365 778 3430 maneriis
793 3368 900 3431 eadem
914 3367 1042 3432 ecclesia
1052 3368 1188 3452 plenarie
1201 3368 1300 3432 domi-

302 3472 439 3537 nationis
452 3476 505 3557 jus
522 3474 570 3538 vel
586 3475 804 3541 investituram
829 3478 947 3543 amisit.
993 3479 1064 3543 Hoc
1091 3478 1124 3542 in
1150 3479 1244 3543 cartis
1269 3485 1303 3543 et

302 3583 431 3648 cronicis
459 3582 532 3667 legi.
580 3586 650 3650 Hoc
682 3610 720 3651 ex
754 3586 903 3653 relatione
932 3588 1137 3653 veridicorum
1172 3589 1302 3654 testium

303 3693 438 3779 cognovi
451 3700 483 3759 et
500 3694 604 3761 didici.
650 3698 721 3761 Hoc
735 3720 794 3781 ego
808 3698 1024 3763 testimonium
1038 3701 1203 3765 veritatem
1227 3700 1305 3765 scire

304 3803 482 3870 volentibus
497 3804 594 3888 sigilli
608 3805 670 3870 mei
685 3806 884 3891 impressione
899 3809 1090 3874 confirmavi.
1138 3812 1246 3896 Hujus
1261 3812 1304 3877 rei

306 3923 382 3981 sunt
403 3922 500 3982 testes
516 3916 673 3982 Robertus
700 3918 884 3983 venerabilis
899 3920 995 3985 abbas
1010 3921 1191 3986 Aleeestriae
1215 3923 1306 3987 bonas

307 4028 464 4092 memoriae
473 4034 505 4093 et
514 4050 638 4111 magua
646 4029 853 4108 auctoritatis,
863 4031 1012 4095 Warinus
1023 4032 1307 4118 priorWygornia,

306 4144 454 4223 totusque
468 4146 640 4204 conventus
654 4141 794 4225 ejusdem
808 4141 950 4208 ecclesia.
995 4143 1117 4208 Valete.

342 4261 370 4311 It
380 4262 403 4311 ia
413 4263 569 4326 interesting
580 4267 608 4312 to
618 4265 726 4314 observa
734 4265 780 4314 the
790 4265 854 4315 offer
863 4265 894 4316 of
901 4265 979 4329 proot
986 4266 1021 4329 by
1032 4267 1106 4315 these
1114 4267 1258 4328 deponente
1266 4284 1307 4323 3·-
