3000 4972
649 563 791 607 WILLIAM
815 565 838 608 1.

483 755 611 838 [Larius
633 773 673 818 or
694 755 806 818 Nrem
829 756 1000 838 Fossam]

286 912 409 978 Dicunt
423 913 508 999 quod
523 913 673 998 Nigellus
694 915 826 979 Fossard
849 915 943 981 debet
965 917 1079 983 habere
1105 917 1139 982 in
1164 919 1245 983 Sau-

241 1023 312 1089 dale
327 1026 408 1089 VII.
423 1025 555 1090 bovatas
576 1031 659 1090 terre
673 1024 712 1091 ds
733 1032 817 1092 terra
833 1026 976 1107 Aluuini,
992 1028 1075 1093 uude
1090 1051 1160 1093 suaa
1175 1053 1245 1115 per·

242 1134 325 1200 tinet
339 1136 379 1200 ad
395 1137 632 1221 Coningsburg,
647 1143 680 1202 et
695 1137 727 1201 in
744 1137 852 1204 eadem
873 1137 950 1203 villa
965 1139 993 1205 I.
1010 1139 1190 1221 aeclesiam,
1206 1141 1245 1207 da

243 1269 305 1330 qua
316 1246 400 1330 jacet
414 1270 486 1314 soca
500 1248 534 1312 iu
551 1247 804 1333 Coniugesburg.

553 1641 680 1724 [Larus
703 1660 742 1705 or
764 1642 939 1726 Nomium]

289 1800 361 1864 Duo
377 1799 550 1864 marescalli
565 1800 733 1865 saisierunt
747 1806 864 1866 terram
880 1803 1072 1884 Normauni,
1098 1809 1131 1869 et
1154 1809 1246 1868 tenu·

244 1917 348 1976 amnt.
394 1911 552 1976 Nesciunt
566 1912 708 1976 homiues
731 1912 770 1977 de
793 1919 955 1998 wapentae
979 1937 1116 1999 quonam
1143 1915 1237 1980 modo

245 2045 303 2088 nee
318 2022 356 2086 ad
372 2022 461 2106 cujus
476 2045 564 2107 opus.
612 2023 674 2087 Sed
689 2023 838 2088 viderunt
852 2047 903 2090 eos
919 2031 1073 2092 tenentes.

459 2420 611 2503 [Eurum
632 2443 660 2485 a.
685 2422 818 2486 Osauuu
848 2443 890 2486 mr
913 2423 1039 2506 Aac1s.]

291 2580 333 2644 In
351 2580 556 2664 Seaehertorp
572 2581 653 2645 etin
668 2581 791 2646 duabus
806 2580 1001 2665 Popletunis,
1018 2582 1080 2646 V'I.
1097 2588 1250 2647 earueatae

248 2697 340 2757 terrae
376 2697 409 2756 et
446 2689 578 2755 dimidia
612 2691 650 2756 ds
683 2698 767 2756 terra
801 2693 926 2758 Eruuin
962 2694 1126 2771 Cateuass,
1154 2715 1250 2778 quum

248 2808 337 2868 tenet
353 2803 514 2868 Osbernus
537 2802 576 2866 de
601 2803 702 2881 Arois,
729 2810 891 2868 testantur
913 2803 954 2867 ad
978 2825 1056 2887 opus
1080 2803 1194 2881 Melet,
1219 2810 1252 2868 et

249 2914 361 2978 dieunt
375 2912 459 2998 quod
474 2914 596 2977 Ernuin
614 2915 777 2999 presbyter
796 2914 890 2979 debet
913 2914 1026 2978 habers
1050 2914 1088 2978 ds
1114 2915 1251 2980 Reberte

251 3024 364 3091 Malet.
410 3026 462 3089 Ita
477 3025 699 3103 testificantur,
722 3027 805 3111 quod
821 3025 1020 3091 Willelmum
1037 3025 1141 3091 Malet
1164 3027 1251 3093 vide·
1308 3015 1310 3019 ¹

251 3142 327 3201 runt
342 3135 488 3200 saisitum
514 3141 547 3200 et
562 3142 733 3216 tenentem,
755 3144 787 3201 et
807 3138 950 3201 homiues
974 3136 1013 3200 da
1042 3142 1126 3201 terra
1154 3140 1250 3203 servi·

250 3250 334 3314 tium
350 3247 410 3311 sibi
426 3247 576 3327 saeerunt,
592 3255 625 3313 et
638 3249 782 3314 homiues
796 3249 864 3334 ejus
881 3248 1018 3330 fuerunt,
1035 3248 1088 3314 sed
1104 3251 1252 3317 nesciunt

251 3361 407 3450 quomodo
422 3359 543 3425 habuit.

483 3862 609 3944 [Lamus
631 3879 672 3924 or
694 3861 852 3923 Wmmau
876 3860 1021 3943 Meum]

297 4025 478 4090 Willelmus
493 4021 531 4085 de
542 4021 632 4085 Perei
642 4020 776 4084 advocat
789 4041 879 4104 pares
890 4042 963 4084 suos
978 4020 1011 4082 in
1022 4020 1251 4100 testimouium,

253 4139 338 4226 qued
356 4137 481 4202 vivente
495 4130 657 4195 Willelmo
672 4130 824 4195 Maletet
843 4130 1103 4194 vicecomitatum
1127 4137 1254 4197 tenente

253 4251 288 4315 iu
303 4246 433 4324 Euruie,
449 4243 509 4307 fuit
523 4243 590 4326 ipse
604 4241 731 4305 saisitus
745 4240 785 4304 de
801 4240 963 4303 Bodetone
978 4246 1011 4303 et
1026 4262 1094 4303 eum
1109 4242 1225 4307 tenuit.
