3000 4972
291 550 354 611 298
701 569 873 615 arcannm.

534 720 714 789 [llossuras
733 739 771 776 or
791 722 870 778 Esau
891 723 1044 793 Eusrsca]

323 812 401 865 Hanc
413 816 511 867 terram
526 815 567 884 [in
584 816 743 886 Horemede]
757 819 846 872 tenuit
859 819 990 874 Wiuuard
1004 820 1083 874 homo
1095 822 1196 893 Asgari
1208 823 1297 879 stslri.

288 900 368 953 lianc
380 901 524 956 reclamant
536 903 655 957 homines
675 904 814 960 Eustachii
832 908 945 971 comitis,
958 907 991 962 de
1003 926 1056 978 qua
1075 909 1186 964 fuerunt
1207 911 1296 966 saisiti

287 987 481 1058 pcr1[.annos
501 996 645 1059 postquam
664 991 719 1062 ipse
740 1012 826 1047 comes
848 995 881 1049 ad
903 994 974 1050 huuc
996 996 1122 1050 honorem
1148 998 1233 1062 venit,
1259 1004 1292 1055 ut

288 1074 408 1129 homines
422 1077 453 1130 de
467 1076 582 1132 hundret
595 1084 735 1135 testantur.
773 1081 814 1135 lb.
830 1084 881 1135 138
895 1081 920 1136 b.

569 1341 607 1409 [A
626 1342 769 1396 Scissum
786 1343 887 1396 12an
908 1344 1013 1413 limo]

322 1449 401 1503 lianc
414 1455 511 1503 terram
526 1449 567 1517 [in
580 1448 757 1519 Staterehele]
780 1452 896 1520 sumpsit
910 1452 1004 1506 Petrus
1025 1452 1168 1505 vicecomes
1190 1452 1222 1506 de
1241 1454 1294 1508 isto

287 1537 465 1591 sochomanno
484 1537 553 1607 rcgis
568 1537 694 1592 Willelmi
708 1538 736 1591 in
747 1556 828 1591 manu
841 1538 960 1610 ejusdem
974 1539 1051 1609 regis,
1064 1558 1112 1610 pro
1125 1540 1294 1595 forisfactura

286 1624 318 1678 dc
331 1624 404 1694 gildo
416 1625 486 1695 regis
499 1643 526 1677 se
539 1643 592 1677 non
605 1624 750 1679 reddidisse
759 1629 790 1678 ut
805 1624 926 1678 homines
939 1625 979 1679 sui
990 1625 1089 1679 dicunt.
1110 1626 1162 1680 Sed
1171 1626 1294 1682 homines

285 1711 317 1765 dc
335 1712 404 1765 scira
425 1731 477 1764 non
498 1715 606 1782 portant
626 1712 771 1766 vicecomiti
790 1713 985 1777 testimonium,
997 1713 1060 1784 quia
1081 1732 1185 1785 semper
1203 1715 1295 1784 quieta

285 1799 337 1852 fuit
345 1799 376 1853 dc
384 1799 458 1869 gildo
465 1804 493 1852 ct
502 1799 534 1852 de
542 1798 600 1852 aliis
610 1818 673 1871 erga
680 1818 778 1871 regem,
791 1801 919 1872 quamdiu
932 1800 1029 1863 tenuit,
1039 1806 1155 1855 testante
1167 1800 1293 1859 hundret

285 1885 327 1940 lb.
343 1888 402 1940 141.

360 2112 457 2180 [Esau
476 2114 559 2168 Auis
574 2133 598 2168 o.
612 2115 774 2168 Hsanvvm.
814 2114 960 2169 Voucssa
978 2128 1013 2168 ro
1032 2112 1207 2182 Wmmnn]

320 2224 361 2277 De
373 2225 422 2279 hac
435 2226 513 2295 virga
526 2226 567 2294 [in
582 2227 763 2295 Berchedcne]
777 2226 902 2280 reclamat
914 2225 1019 2279 Alanus
1032 2244 1118 2279 comes
1131 2225 1188 2279 111.
1202 2231 1292 2296 partes

283 2331 311 2367 se
324 2311 419 2366 habere
427 2312 502 2382 juste
512 2313 613 2368 debere.
650 2315 722 2368 Nam
735 2314 796 2368 inde
808 2319 866 2368 erat
878 2314 987 2367 saisitus
1000 2313 1185 2384 quandomare
1195 2333 1291 2384 nuper·

283 2399 349 2453 rime
361 2399 495 2464 transivit,
508 2405 539 2455 ut
551 2399 672 2455 homines
693 2402 725 2455 de
744 2400 866 2454 hundred
889 2399 940 2454 sibi
961 2403 1072 2471 portant
1096 2399 1291 2457 testimonium.

283 2487 334 2541 Sed
357 2487 516 2541 Harduinus
538 2489 664 2543 reclamat
687 2490 797 2544 Petrum
819 2487 999 2543 vicecomitem
1019 2487 1053 2540 ad
1071 2492 1244 2556 protectorem
1264 2492 1292 2544 et

282 2573 449 2627 liberatorem
458 2574 537 2645 jussu
547 2576 661 2648 episcopi
672 2575 832 2639 Baiocensis,
842 2575 912 2646 quod
922 2574 946 2629 ci
956 2573 1081 2628 liberavit
1089 2592 1136 2644 pro
1146 2574 1290 2630 excambio.

284 2662 325 2716 lb.
340 2664 389 2715 141
404 2661 431 2716 b.

585 2894 681 2962 [Bina
700 2894 849 2948 Wrnirsm
887 2892 995 2961 worn]

319 2987 450 3062 Homines
472 2989 504 3044 de
524 2989 654 3044 comitutu
677 2989 799 3060 inquisiti
824 2989 951 3042 dixerunt
973 3007 1000 3042 se
1024 3004 1164 3057 nunquam
1191 2985 1290 3040 vidisse

282 3073 388 3129 brevem
399 3076 468 3147 regis
481 3077 526 3148 qui
537 3078 606 3130 hanc
618 3082 715 3131 terram
729 3076 770 3145 [in
784 3076 898 3144 Estonc]
912 3075 1009 3129 diceret
1022 3073 1113 3129 datam
1127 3091 1183 3128 csse
1195 3072 1289 3127 comiti

282 3162 425 3218 Willclmo.
463 3164 505 3218 Ib.
521 3167 581 3220 lua

587 3401 729 3469 [Cuencra
747 3418 784 3455 or
803 3400 847 3455 Sr.
866 3401 978 3470 bisam]

317 3499 376 3552 Hoc
389 3497 536 3550 manerium
551 3499 673 3567 [Comei]
688 3498 896 3569 calumpniatum
919 3505 960 3554 est
978 3498 1012 3553 nd
1026 3496 1169 3553 cecloeism
1184 3495 1288 3550 Sanctia

280 3585 373 3640 Mariae
387 3585 418 3638 dc
431 3583 584 3648 Abcndonc,
597 3584 642 3639 sed
655 3586 740 3638 omnis
751 3586 892 3640 comitatus
902 3586 1059 3641 testificatus
1072 3589 1113 3638 est
1126 3581 1287 3652 Stigandum

279 3672 501 3743 archiepiscopum
514 3671 548 3725 X.
563 3671 639 3725 annis
652 3672 769 3726 tenuisse
781 3672 887 3727 vivente
902 3673 1032 3727 Eduardo
1045 3691 1114 3743 rege.
1153 3671 1195 3725 Ib.
1210 3672 1269 3724 lua.

402 3920 516 3990 [Asson
536 3917 670 3973 Wsnrsn.
707 3918 807 3973 Lanos
826 3934 861 3973 sc
879 3918 1154 3991 Bsumuowoarm]

314 4036 378 4108 Ipsa
386 4033 493 4090 ecclesia
502 4032 663 4103 [Evesham]
677 4036 751 4087 tenet
763 4032 837 4085 1111.
851 4032 967 4088 hidasad
978 4033 1164 4103 Beuingwrde‚
1174 4036 1201 4088 et
1211 4032 1287 4104 quin-

277 4129 333 4180 tum
351 4123 443 4177 hidam
455 4125 529 4176 tenet
542 4121 628 4185 Urso;
648 4120 695 4174 has
708 4121 742 4175 V.
757 4120 832 4174 hidas
845 4120 1041 4176 diratiocinavit
1050 4121 1194 4177 Waltcrius
1204 4121 1286 4175 abbas

276 4213 310 4266 ad
323 4210 488 4279 lidebergam
499 4208 527 4261 in
541 4208 615 4262 IIII.
631 4208 676 4276 [V.
685 4208 711 4278 i]
725 4208 799 4262 sciris
808 4227 896 4262 coram
909 4208 1028 4280 episcopo
1037 4208 1176 4265 Baiocansi
1189 4207 1284 4264 ctuliis

277 4297 420 4353 baronibus
434 4295 513 4367 regis.
550 4295 595 4351 Ib.
609 4297 660 4353 175
674 4296 698 4352 b.
736 4296 785 4351 Sec
798 4302 870 4361 ante,
883 4315 908 4367 p.
922 4298 965 4351 20.
1338 4297 1344 4308 ’
