<?xml version="1.0" encoding="UTF-8"?>
<!DOCTYPE html PUBLIC "-//W3C//DTD XHTML 1.0 Transitional//EN"
    "http://www.w3.org/TR/xhtml1/DTD/xhtml1-transitional.dtd">
<html xmlns="http://www.w3.org/1999/xhtml" xml:lang="en" lang="en">
 <head>
  <title>
</title>
<meta http-equiv="Content-Type" content="text/html;charset=utf-8" />
  <meta name='ocr-system' content='tesseract 3.04.00' />
  <meta name='ocr-capabilities' content='ocr_page ocr_carea ocr_par ocr_line ocrx_word'/>
</head>
<body>
  <div class='ocr_page' id='page_1' title='image "./placitaanglonor00bigegoog_0274.png"; bbox 0 0 3000 4972; ppageno 0'>
   <div class='ocr_carea' id='block_1_1' title="bbox 625 544 1207 609">
    <p class='ocr_par' dir='ltr' id='par_1_1' title="bbox 625 544 1207 609">
     <span class='ocr_line' id='line_1_1' title="bbox 625 544 1207 609; baseline -0.005 0"><span class='ocrx_word' id='word_1_1' title='bbox 625 564 734 609; x_wconf 78' lang='lat' dir='ltr'>annas</span> <span class='ocrx_word' id='word_1_2' title='bbox 758 563 795 609; x_wconf 92' lang='lat'>11.</span> <span class='ocrx_word' id='word_1_3' title='bbox 1144 544 1207 606; x_wconf 79' lang='lat'>205</span> 
     </span>
    </p>
   </div>
   <div class='ocr_carea' id='block_1_2' title="bbox 214 739 1210 935">
    <p class='ocr_par' dir='ltr' id='par_1_2' title="bbox 214 739 1210 935">
     <span class='ocr_line' id='line_1_2' title="bbox 214 739 1210 827; baseline -0.005 -20"><span class='ocrx_word' id='word_1_4' title='bbox 214 744 341 827; x_wconf 79' lang='lat' dir='ltr'>[Annon</span> <span class='ocrx_word' id='word_1_5' title='bbox 356 743 543 806; x_wconf 79' lang='lat' dir='ltr'>Wsnxnmu</span> <span class='ocrx_word' id='word_1_6' title='bbox 559 763 587 805; x_wconf 79' lang='lat' dir='ltr'>a.</span> <span class='ocrx_word' id='word_1_7' title='bbox 605 741 756 805; x_wconf 79' lang='lat' dir='ltr'>Kmanss</span> <span class='ocrx_word' id='word_1_8' title='bbox 778 759 844 804; x_wconf 73' lang='lat' dir='ltr'>ann</span> <span class='ocrx_word' id='word_1_9' title='bbox 866 739 950 803; x_wconf 82' lang='lat' dir='ltr'>Mau</span> <span class='ocrx_word' id='word_1_10' title='bbox 967 758 1007 804; x_wconf 81' lang='lat' dir='ltr'>os</span> <span class='ocrx_word' id='word_1_11' title='bbox 1022 741 1210 804; x_wconf 69' lang='lat' dir='ltr'>Ammonos.</span> 
     </span>
     <span class='ocr_line' id='line_1_3' title="bbox 642 851 779 935; baseline -0.007 -19"><span class='ocrx_word' id='word_1_12' title='bbox 642 854 725 916; x_wconf 83' lang='grc'>1158</span> <span class='ocrx_word' id='word_1_13' title='bbox 735 851 779 935; x_wconf 82' lang='lat'>?]¹</span> 
     </span>
    </p>
   </div>
   <div class='ocr_carea' id='block_1_3' title="bbox 211 985 1212 1127">
    <p class='ocr_par' dir='ltr' id='par_1_3' title="bbox 211 985 1212 1127">
     <span class='ocr_line' id='line_1_4' title="bbox 211 985 1212 1054; baseline -0.004 -17"><span class='ocrx_word' id='word_1_14' title='bbox 211 988 279 1054; x_wconf 80' lang='lat' dir='ltr'>[Tha</span> <span class='ocrx_word' id='word_1_15' title='bbox 290 990 396 1052; x_wconf 86' lang='lat' dir='ltr'>queen’s</span> <span class='ocrx_word' id='word_1_16' title='bbox 408 987 469 1036; x_wconf 82' lang='lat' dir='ltr'>writ</span> <span class='ocrx_word' id='word_1_17' title='bbox 480 987 664 1048; x_wconf 79' lang='lat' dir='ltr'>commanding</span> <span class='ocrx_word' id='word_1_18' title='bbox 681 987 726 1034; x_wconf 86' lang='lat' dir='ltr'>tha</span> <span class='ocrx_word' id='word_1_19' title='bbox 746 985 901 1034; x_wconf 78' lang='lat' dir='ltr'>defendants</span> <span class='ocrx_word' id='word_1_20' title='bbox 912 990 941 1034; x_wconf 86' lang='lat' dir='ltr'>to</span> <span class='ocrx_word' id='word_1_21' title='bbox 957 985 1070 1047; x_wconf 76' lang='lat' dir='ltr'>perform</span> <span class='ocrx_word' id='word_1_22' title='bbox 1089 986 1135 1034; x_wconf 87' lang='lat' dir='ltr'>the</span> <span class='ocrx_word' id='word_1_23' title='bbox 1153 999 1212 1033; x_wconf 62' lang='lat' dir='ltr'>eus</span> 
     </span>
     <span class='ocr_line' id='line_1_5' title="bbox 417 1060 1005 1127; baseline -0.003 -13"><span class='ocrx_word' id='word_1_24' title='bbox 417 1068 520 1127; x_wconf 80' lang='lat' dir='ltr'>tomary</span> <span class='ocrx_word' id='word_1_25' title='bbox 531 1064 591 1112; x_wconf 81' lang='lat' dir='ltr'>land</span> <span class='ocrx_word' id='word_1_26' title='bbox 603 1064 702 1112; x_wconf 84' lang='lat' dir='ltr'>service</span> <span class='ocrx_word' id='word_1_27' title='bbox 712 1063 762 1111; x_wconf 83' lang='lat' dir='ltr'>dua</span> <span class='ocrx_word' id='word_1_28' title='bbox 774 1068 802 1112; x_wconf 87' lang='lat' dir='ltr'>to</span> <span class='ocrx_word' id='word_1_29' title='bbox 813 1063 858 1112; x_wconf 83' lang='lat' dir='ltr'>the</span> <span class='ocrx_word' id='word_1_30' title='bbox 870 1060 1005 1127; x_wconf 74' lang='lat' dir='ltr'>plaintiffi]</span> 
     </span>
    </p>
   </div>
   <div class='ocr_carea' id='block_1_4' title="bbox 211 1171 1220 2240">
    <p class='ocr_par' dir='ltr' id='par_1_4' title="bbox 211 1171 1220 2240">
     <span class='ocr_line' id='line_1_6' title="bbox 212 1171 1214 1260; baseline -0.004 -19"><span class='ocrx_word' id='word_1_31' title='bbox 212 1179 373 1256; x_wconf 70' lang='lat' dir='ltr'>Amazon,</span> <span class='ocrx_word' id='word_1_32' title='bbox 399 1176 510 1259; x_wconf 83' lang='lat' dir='ltr'>regina</span> <span class='ocrx_word' id='word_1_33' title='bbox 534 1175 670 1260; x_wconf 84' lang='lat' dir='ltr'>Angliae,</span> <span class='ocrx_word' id='word_1_34' title='bbox 693 1175 816 1239; x_wconf 79' lang='lat' dir='ltr'><strong>ducissa</strong></span> <span class='ocrx_word' id='word_1_35' title='bbox 841 1174 1045 1239; x_wconf 83' lang='lat' dir='ltr'>Normanniae</span> <span class='ocrx_word' id='word_1_36' title='bbox 1063 1181 1095 1238; x_wconf 88' lang='lat' dir='ltr'>et</span> <span class='ocrx_word' id='word_1_37' title='bbox 1113 1171 1214 1259; x_wconf 91' lang='lat' dir='ltr'>Aqui·</span> 
     </span>
     <span class='ocr_line' id='line_1_7' title="bbox 211 1284 1214 1369; baseline -0.005 -17"><span class='ocrx_word' id='word_1_38' title='bbox 211 1287 317 1367; x_wconf 84' lang='lat' dir='ltr'>taniae,</span> <span class='ocrx_word' id='word_1_39' title='bbox 341 1294 374 1352; x_wconf 84' lang='lat' dir='ltr'>et</span> <span class='ocrx_word' id='word_1_40' title='bbox 398 1285 557 1350; x_wconf 82' lang='lat' dir='ltr'>eomitissa</span> <span class='ocrx_word' id='word_1_41' title='bbox 580 1285 781 1369; x_wconf 74' lang='lat' dir='ltr'>andegavia,</span> <span class='ocrx_word' id='word_1_42' title='bbox 798 1284 952 1350; x_wconf 72' lang='lat' dir='ltr'>militibus</span> <span class='ocrx_word' id='word_1_43' title='bbox 975 1291 1008 1349; x_wconf 86' lang='lat' dir='ltr'>et</span> <span class='ocrx_word' id='word_1_44' title='bbox 1035 1284 1214 1348; x_wconf 87' lang='lat' dir='ltr'>hominibus</span> 
     </span>
     <span class='ocr_line' id='line_1_8' title="bbox 213 1396 1215 1484; baseline -0.002 -23"><span class='ocrx_word' id='word_1_45' title='bbox 213 1397 268 1484; x_wconf 89' lang='lat' dir='ltr'>qui</span> <span class='ocrx_word' id='word_1_46' title='bbox 290 1398 329 1463; x_wconf 87' lang='lat' dir='ltr'>de</span> <span class='ocrx_word' id='word_1_47' title='bbox 352 1396 479 1462; x_wconf 78' lang='lat' dir='ltr'>abbatia</span> <span class='ocrx_word' id='word_1_48' title='bbox 501 1397 539 1461; x_wconf 93' lang='lat' dir='ltr'>de</span> <span class='ocrx_word' id='word_1_49' title='bbox 565 1396 762 1460; x_wconf 90' lang='lat' dir='ltr'>Abbendona</span> <span class='ocrx_word' id='word_1_50' title='bbox 776 1402 873 1460; x_wconf 86' lang='lat' dir='ltr'>terras</span> <span class='ocrx_word' id='word_1_51' title='bbox 895 1404 928 1461; x_wconf 86' lang='lat' dir='ltr'>et</span> <span class='ocrx_word' id='word_1_52' title='bbox 948 1402 1075 1460; x_wconf 86' lang='lat' dir='ltr'>tenuras</span> <span class='ocrx_word' id='word_1_53' title='bbox 1094 1401 1215 1473; x_wconf 81' lang='lat' dir='ltr'>tenent,</span> 
     </span>
     <span class='ocr_line' id='line_1_9' title="bbox 213 1503 1216 1590; baseline -0.004 -19"><span class='ocrx_word' id='word_1_54' title='bbox 213 1508 356 1572; x_wconf 83' lang='lat' dir='ltr'>salutem.</span> <span class='ocrx_word' id='word_1_55' title='bbox 402 1505 550 1590; x_wconf 72' lang='lat' dir='ltr'>Pisecipio</span> <span class='ocrx_word' id='word_1_56' title='bbox 571 1507 653 1590; x_wconf 90' lang='lat' dir='ltr'>quod</span> <span class='ocrx_word' id='word_1_57' title='bbox 672 1506 758 1588; x_wconf 90' lang='lat' dir='ltr'>juste</span> <span class='ocrx_word' id='word_1_58' title='bbox 779 1511 812 1569; x_wconf 91' lang='lat' dir='ltr'>et</span> <span class='ocrx_word' id='word_1_59' title='bbox 834 1505 900 1569; x_wconf 91' lang='lat' dir='ltr'>sine</span> <span class='ocrx_word' id='word_1_60' title='bbox 922 1504 1070 1569; x_wconf 84' lang='lat' dir='ltr'>dilatione</span> <span class='ocrx_word' id='word_1_61' title='bbox 1091 1503 1216 1568; x_wconf 83' lang='lat' dir='ltr'>faciatis</span> 
     </span>
     <span class='ocr_line' id='line_1_10' title="bbox 214 1614 1217 1700; baseline -0.004 -17"><span class='ocrx_word' id='word_1_62' title='bbox 214 1617 397 1683; x_wconf 86' lang='lat' dir='ltr'>Walkelino</span> <span class='ocrx_word' id='word_1_63' title='bbox 432 1616 540 1681; x_wconf 86' lang='lat' dir='ltr'>abbati</span> <span class='ocrx_word' id='word_1_64' title='bbox 575 1617 614 1681; x_wconf 88' lang='lat' dir='ltr'>de</span> <span class='ocrx_word' id='word_1_65' title='bbox 651 1615 846 1681; x_wconf 79' lang='lat' dir='ltr'>Abbendona</span> <span class='ocrx_word' id='word_1_66' title='bbox 881 1615 1017 1700; x_wconf 81' lang='lat' dir='ltr'>plenarie</span> <span class='ocrx_word' id='word_1_67' title='bbox 1053 1614 1217 1680; x_wconf 84' lang='lat' dir='ltr'>servitium</span> 
     </span>
     <span class='ocr_line' id='line_1_11' title="bbox 215 1725 1218 1814; baseline -0.005 -20"><span class='ocrx_word' id='word_1_68' title='bbox 215 1753 317 1808; x_wconf 84' lang='lat' dir='ltr'>suum,</span> <span class='ocrx_word' id='word_1_69' title='bbox 341 1729 423 1814; x_wconf 92' lang='lat' dir='ltr'>quod</span> <span class='ocrx_word' id='word_1_70' title='bbox 450 1735 656 1793; x_wconf 81' lang='lat' dir='ltr'>antecessores</span> <span class='ocrx_word' id='word_1_71' title='bbox 685 1726 780 1792; x_wconf 83' lang='lat' dir='ltr'>vestri</span> <span class='ocrx_word' id='word_1_72' title='bbox 804 1727 946 1792; x_wconf 85' lang='lat' dir='ltr'>fecerunt</span> <span class='ocrx_word' id='word_1_73' title='bbox 975 1725 1218 1792; x_wconf 81' lang='lat' dir='ltr'>antecessoribus</span> 
     </span>
     <span class='ocr_line' id='line_1_12' title="bbox 216 1836 1220 1924; baseline -0.004 -19"><span class='ocrx_word' id='word_1_74' title='bbox 216 1841 291 1919; x_wconf 88' lang='lat' dir='ltr'>suis,</span> <span class='ocrx_word' id='word_1_75' title='bbox 313 1846 452 1924; x_wconf 85' lang='lat' dir='ltr'>tempore</span> <span class='ocrx_word' id='word_1_76' title='bbox 478 1839 561 1923; x_wconf 85' lang='lat' dir='ltr'>regis</span> <span class='ocrx_word' id='word_1_77' title='bbox 587 1838 728 1914; x_wconf 87' lang='lat' dir='ltr'>Henrici‚</span> <span class='ocrx_word' id='word_1_78' title='bbox 750 1837 802 1902; x_wconf 87' lang='lat' dir='ltr'>avi</span> <span class='ocrx_word' id='word_1_79' title='bbox 824 1837 945 1903; x_wconf 92' lang='lat' dir='ltr'>domini</span> <span class='ocrx_word' id='word_1_80' title='bbox 968 1836 1071 1922; x_wconf 81' lang='lat' dir='ltr'>regis3</span> <span class='ocrx_word' id='word_1_81' title='bbox 1099 1844 1132 1902; x_wconf 89' lang='lat' dir='ltr'>et</span> <span class='ocrx_word' id='word_1_82' title='bbox 1157 1836 1220 1901; x_wconf 91' lang='lat' dir='ltr'>nisi</span> 
     </span>
     <span class='ocr_line' id='line_1_13' title="bbox 215 1948 1219 2034; baseline -0.003 -19"><span class='ocrx_word' id='word_1_83' title='bbox 215 1951 361 2029; x_wconf 82' lang='lat' dir='ltr'>feceritis,</span> <span class='ocrx_word' id='word_1_84' title='bbox 372 1950 500 2034; x_wconf 86' lang='lat' dir='ltr'>justitia</span> <span class='ocrx_word' id='word_1_85' title='bbox 514 1949 597 2034; x_wconf 87' lang='lat' dir='ltr'>regis</span> <span class='ocrx_word' id='word_1_86' title='bbox 612 1956 644 2014; x_wconf 89' lang='lat' dir='ltr'>et</span> <span class='ocrx_word' id='word_1_87' title='bbox 658 1972 727 2014; x_wconf 88' lang='lat' dir='ltr'>mea</span> <span class='ocrx_word' id='word_1_88' title='bbox 738 1949 833 2013; x_wconf 83' lang='lat' dir='ltr'>saciat</span> <span class='ocrx_word' id='word_1_89' title='bbox 842 1948 918 2017; x_wconf 89' lang='lat' dir='ltr'>fieri.</span> <span class='ocrx_word' id='word_1_90' title='bbox 962 1949 1054 2013; x_wconf 83' lang='lat' dir='ltr'>Teste</span> <span class='ocrx_word' id='word_1_91' title='bbox 1064 1948 1086 2011; x_wconf 85' lang='lat' dir='ltr'>J</span> <span class='ocrx_word' id='word_1_92' title='bbox 1086 1948 1219 2013; x_wconf 87' lang='lat' dir='ltr'>oscelino</span> 
     </span>
     <span class='ocr_line' id='line_1_14' title="bbox 218 2059 1220 2145; baseline -0.002 -19"><span class='ocrx_word' id='word_1_93' title='bbox 218 2063 257 2128; x_wconf 92' lang='lat' dir='ltr'>de</span> <span class='ocrx_word' id='word_1_94' title='bbox 287 2062 400 2126; x_wconf 85' lang='lat' dir='ltr'>Baillol</span> <span class='ocrx_word' id='word_1_95' title='bbox 411 2089 419 2140; x_wconf 91' lang='lat'>;</span> <span class='ocrx_word' id='word_1_96' title='bbox 466 2062 549 2145; x_wconf 89' lang='lat' dir='ltr'>apud</span> <span class='ocrx_word' id='word_1_97' title='bbox 578 2060 786 2126; x_wconf 82' lang='lat' dir='ltr'>Wintoniam.</span> <span class='ocrx_word' id='word_1_98' title='bbox 839 2061 899 2126; x_wconf 92' lang='lat' dir='ltr'>Per</span> <span class='ocrx_word' id='word_1_99' title='bbox 932 2060 1025 2125; x_wconf 85' lang='lat' dir='ltr'>breve</span> <span class='ocrx_word' id='word_1_100' title='bbox 1061 2059 1145 2144; x_wconf 81' lang='lat' dir='ltr'>regis</span> <span class='ocrx_word' id='word_1_101' title='bbox 1181 2059 1220 2124; x_wconf 92' lang='lat' dir='ltr'>de</span> 
     </span>
     <span class='ocr_line' id='line_1_15' title="bbox 218 2173 410 2240; baseline 0.01 -2"><span class='ocrx_word' id='word_1_102' title='bbox 218 2173 301 2238; x_wconf 86' lang='lat' dir='ltr'>ultra</span> <span class='ocrx_word' id='word_1_103' title='bbox 315 2196 410 2240; x_wconf 89' lang='lat' dir='ltr'>mare.</span> 
     </span>
    </p>
   </div>
   <div class='ocr_carea' id='block_1_5' title="bbox 227 2663 1222 2751">
    <p class='ocr_par' dir='ltr' id='par_1_5' title="bbox 227 2663 1222 2751">
     <span class='ocr_line' id='line_1_16' title="bbox 227 2663 1222 2751; baseline 0.004 -24"><span class='ocrx_word' id='word_1_104' title='bbox 227 2664 354 2747; x_wconf 79' lang='lat' dir='ltr'>[Annos</span> <span class='ocrx_word' id='word_1_105' title='bbox 368 2682 410 2728; x_wconf 76' lang='lat' dir='ltr'>or</span> <span class='ocrx_word' id='word_1_106' title='bbox 427 2664 478 2727; x_wconf 77' lang='lat' dir='ltr'>Sa.</span> <span class='ocrx_word' id='word_1_107' title='bbox 495 2663 898 2728; x_wconf 80' lang='lat' dir='ltr'>Aneusmnav.W1mmu</span> <span class='ocrx_word' id='word_1_108' title='bbox 913 2685 954 2729; x_wconf 84' lang='lat' dir='ltr'>nn</span> <span class='ocrx_word' id='word_1_109' title='bbox 970 2666 1068 2730; x_wconf 87' lang='lat' dir='ltr'>Roos.</span> <span class='ocrx_word' id='word_1_110' title='bbox 1095 2668 1222 2751; x_wconf 80' lang='lat'>1158.]²</span> 
     </span>
    </p>
   </div>
   <div class='ocr_carea' id='block_1_6' title="bbox 223 2797 1222 2941">
    <p class='ocr_par' dir='ltr' id='par_1_6' title="bbox 223 2797 1222 2941">
     <span class='ocr_line' id='line_1_17' title="bbox 223 2797 1222 2862; baseline 0.003 -15"><span class='ocrx_word' id='word_1_111' title='bbox 223 2797 292 2862; x_wconf 82' lang='lat' dir='ltr'>[The</span> <span class='ocrx_word' id='word_1_112' title='bbox 302 2797 388 2862; x_wconf 76' lang='lat' dir='ltr'>king‘s</span> <span class='ocrx_word' id='word_1_113' title='bbox 400 2799 460 2847; x_wconf 75' lang='lat' dir='ltr'>mit</span> <span class='ocrx_word' id='word_1_114' title='bbox 471 2797 653 2860; x_wconf 80' lang='lat' dir='ltr'>oommanding</span> <span class='ocrx_word' id='word_1_115' title='bbox 664 2798 709 2846; x_wconf 88' lang='lat' dir='ltr'>the</span> <span class='ocrx_word' id='word_1_116' title='bbox 720 2797 862 2847; x_wconf 82' lang='lat' dir='ltr'>defendant</span> <span class='ocrx_word' id='word_1_117' title='bbox 873 2803 901 2849; x_wconf 88' lang='lat' dir='ltr'>to</span> <span class='ocrx_word' id='word_1_118' title='bbox 912 2800 1020 2849; x_wconf 80' lang='lat' dir='ltr'>observo</span> <span class='ocrx_word' id='word_1_119' title='bbox 1033 2804 1126 2850; x_wconf 88' lang='lat' dir='ltr'>tenure</span> <span class='ocrx_word' id='word_1_120' title='bbox 1138 2805 1166 2849; x_wconf 87' lang='lat' dir='ltr'>to</span> <span class='ocrx_word' id='word_1_121' title='bbox 1176 2799 1222 2850; x_wconf 80' lang='lat' dir='ltr'>the</span> 
     </span>
     <span class='ocr_line' id='line_1_18' title="bbox 519 2874 919 2941; baseline 0.01 -20"><span class='ocrx_word' id='word_1_122' title='bbox 519 2874 638 2937; x_wconf 82' lang='lat' dir='ltr'>plaintiff</span> <span class='ocrx_word' id='word_1_123' title='bbox 645 2874 675 2923; x_wconf 84' lang='lat' dir='ltr'>of</span> <span class='ocrx_word' id='word_1_124' title='bbox 682 2891 699 2923; x_wconf 86' lang='lat' dir='ltr'>a</span> <span class='ocrx_word' id='word_1_125' title='bbox 710 2876 812 2924; x_wconf 77' lang='lat' dir='ltr'>certam</span> <span class='ocrx_word' id='word_1_126' title='bbox 823 2875 919 2941; x_wconf 82' lang='lat' dir='ltr'>wood]</span> 
     </span>
    </p>
   </div>
   <div class='ocr_carea' id='block_1_7' title="bbox 222 2986 1226 3737">
    <p class='ocr_par' dir='ltr' id='par_1_7' title="bbox 222 2986 1226 3737">
     <span class='ocr_line' id='line_1_19' title="bbox 225 2986 1222 3074; baseline 0.001 -22"><span class='ocrx_word' id='word_1_127' title='bbox 225 2989 408 3068; x_wconf 73' lang='lat' dir='ltr'>Hammona,</span> <span class='ocrx_word' id='word_1_128' title='bbox 424 3011 478 3052; x_wconf 89' lang='lat' dir='ltr'>rex</span> <span class='ocrx_word' id='word_1_129' title='bbox 492 2986 628 3071; x_wconf 84' lang='lat' dir='ltr'>Angliae,</span> <span class='ocrx_word' id='word_1_130' title='bbox 644 2994 677 3052; x_wconf 87' lang='lat' dir='ltr'>et</span> <span class='ocrx_word' id='word_1_131' title='bbox 691 2989 755 3053; x_wconf 86' lang='lat' dir='ltr'>dux</span> <span class='ocrx_word' id='word_1_132' title='bbox 770 2989 975 3053; x_wconf 77' lang='lat' dir='ltr'>Normannia</span> <span class='ocrx_word' id='word_1_133' title='bbox 989 2995 1022 3053; x_wconf 86' lang='lat' dir='ltr'>et</span> <span class='ocrx_word' id='word_1_134' title='bbox 1032 2988 1222 3074; x_wconf 76' lang='lat' dir='ltr'>Aquitania,</span> 
     </span>
     <span class='ocr_line' id='line_1_20' title="bbox 222 3097 1223 3181; baseline 0.002 -18"><span class='ocrx_word' id='word_1_135' title='bbox 222 3105 256 3164; x_wconf 86' lang='lat' dir='ltr'>et</span> <span class='ocrx_word' id='word_1_136' title='bbox 290 3122 391 3163; x_wconf 90' lang='lat' dir='ltr'>comes</span> <span class='ocrx_word' id='word_1_137' title='bbox 428 3097 633 3181; x_wconf 85' lang='lat' dir='ltr'>Andegaviae,</span> <span class='ocrx_word' id='word_1_138' title='bbox 670 3097 832 3162; x_wconf 90' lang='lat' dir='ltr'>Willelmo</span> <span class='ocrx_word' id='word_1_139' title='bbox 867 3101 906 3165; x_wconf 91' lang='lat' dir='ltr'>de</span> <span class='ocrx_word' id='word_1_140' title='bbox 944 3100 1037 3179; x_wconf 76' lang='lat' dir='ltr'>Reos,</span> <span class='ocrx_word' id='word_1_141' title='bbox 1079 3099 1223 3166; x_wconf 81' lang='lat' dir='ltr'>salutem.</span> 
     </span>
     <span class='ocr_line' id='line_1_21' title="bbox 224 3208 1223 3295; baseline 0 -20"><span class='ocrx_word' id='word_1_142' title='bbox 224 3210 372 3294; x_wconf 71' lang='lat' dir='ltr'>Praecipio</span> <span class='ocrx_word' id='word_1_143' title='bbox 392 3209 462 3289; x_wconf 86' lang='lat' dir='ltr'>tibi,</span> <span class='ocrx_word' id='word_1_144' title='bbox 478 3208 561 3293; x_wconf 90' lang='lat' dir='ltr'>quod</span> <span class='ocrx_word' id='word_1_145' title='bbox 580 3215 688 3273; x_wconf 87' lang='lat' dir='ltr'>teneas</span> <span class='ocrx_word' id='word_1_146' title='bbox 712 3208 820 3274; x_wconf 87' lang='lat' dir='ltr'>abbati</span> <span class='ocrx_word' id='word_1_147' title='bbox 844 3210 882 3274; x_wconf 92' lang='lat' dir='ltr'>de</span> <span class='ocrx_word' id='word_1_148' title='bbox 910 3210 1027 3275; x_wconf 85' lang='lat' dir='ltr'>Sancto</span> <span class='ocrx_word' id='word_1_149' title='bbox 1041 3209 1223 3295; x_wconf 85' lang='lat' dir='ltr'>Augustino</span> 
     </span>
     <span class='ocr_line' id='line_1_22' title="bbox 223 3318 1225 3407; baseline 0.005 -21"><span class='ocrx_word' id='word_1_150' title='bbox 223 3321 310 3386; x_wconf 88' lang='lat' dir='ltr'>illam</span> <span class='ocrx_word' id='word_1_151' title='bbox 325 3343 523 3386; x_wconf 88' lang='lat' dir='ltr'>communem</span> <span class='ocrx_word' id='word_1_152' title='bbox 547 3318 695 3383; x_wconf 88' lang='lat' dir='ltr'>inbosco</span> <span class='ocrx_word' id='word_1_153' title='bbox 718 3320 756 3384; x_wconf 92' lang='lat' dir='ltr'>de</span> <span class='ocrx_word' id='word_1_154' title='bbox 779 3319 1107 3406; x_wconf 84' lang='lat' dir='ltr'>Plumeware-parroe‚</span> <span class='ocrx_word' id='word_1_155' title='bbox 1129 3344 1225 3407; x_wconf 77' lang='lat' dir='ltr'>quam</span> 
     </span>
     <span class='ocr_line' id='line_1_23' title="bbox 223 3430 1226 3514; baseline 0 -17"><span class='ocrx_word' id='word_1_156' title='bbox 223 3440 430 3498; x_wconf 78' lang='lat' dir='ltr'>antecessores</span> <span class='ocrx_word' id='word_1_157' title='bbox 452 3430 501 3495; x_wconf 84' lang='lat' dir='ltr'>tui</span> <span class='ocrx_word' id='word_1_158' title='bbox 530 3436 700 3495; x_wconf 89' lang='lat' dir='ltr'>tenuerunt</span> <span class='ocrx_word' id='word_1_159' title='bbox 728 3436 867 3514; x_wconf 83' lang='lat' dir='ltr'>tempore</span> <span class='ocrx_word' id='word_1_160' title='bbox 895 3430 978 3514; x_wconf 81' lang='lat' dir='ltr'>regis</span> <span class='ocrx_word' id='word_1_161' title='bbox 1009 3430 1140 3496; x_wconf 87' lang='lat' dir='ltr'>Henriei</span> <span class='ocrx_word' id='word_1_162' title='bbox 1173 3432 1226 3497; x_wconf 82' lang='lat' dir='ltr'>avi</span> 
     </span>
     <span class='ocr_line' id='line_1_24' title="bbox 225 3540 1225 3625; baseline 0.002 -19"><span class='ocrx_word' id='word_1_163' title='bbox 225 3543 305 3622; x_wconf 83' lang='lat' dir='ltr'>mei3</span> <span class='ocrx_word' id='word_1_164' title='bbox 329 3549 361 3608; x_wconf 91' lang='lat' dir='ltr'>et</span> <span class='ocrx_word' id='word_1_165' title='bbox 387 3542 448 3607; x_wconf 91' lang='lat' dir='ltr'>nisi</span> <span class='ocrx_word' id='word_1_166' title='bbox 474 3541 593 3620; x_wconf 85' lang='lat' dir='ltr'>feceris,</span> <span class='ocrx_word' id='word_1_167' title='bbox 615 3540 785 3605; x_wconf 83' lang='lat' dir='ltr'>vicecomes</span> <span class='ocrx_word' id='word_1_168' title='bbox 805 3541 819 3625; x_wconf 85' lang='lat' dir='ltr'>j</span> <span class='ocrx_word' id='word_1_169' title='bbox 880 3541 977 3606; x_wconf 82' lang='lat' dir='ltr'>faciat</span> <span class='ocrx_word' id='word_1_170' title='bbox 998 3541 1075 3623; x_wconf 89' lang='lat' dir='ltr'>fieri,</span> <span class='ocrx_word' id='word_1_171' title='bbox 1090 3565 1131 3608; x_wconf 89' lang='lat' dir='ltr'>ne</span> <span class='ocrx_word' id='word_1_172' title='bbox 1151 3543 1225 3608; x_wconf 92' lang='lat' dir='ltr'>inde</span> 
     </span>
     <span class='ocr_line' id='line_1_25' title="bbox 225 3652 1226 3737; baseline 0.003 -20"><span class='ocrx_word' id='word_1_173' title='bbox 225 3652 360 3737; x_wconf 86' lang='lat' dir='ltr'>amplius</span> <span class='ocrx_word' id='word_1_174' title='bbox 375 3653 540 3717; x_wconf 86' lang='lat' dir='ltr'>clamorem</span> <span class='ocrx_word' id='word_1_175' title='bbox 555 3652 680 3717; x_wconf 86' lang='lat' dir='ltr'>audiam</span> <span class='ocrx_word' id='word_1_176' title='bbox 696 3675 752 3736; x_wconf 91' lang='lat' dir='ltr'>pro</span> <span class='ocrx_word' id='word_1_177' title='bbox 766 3652 896 3737; x_wconf 89' lang='lat' dir='ltr'>penuria</span> <span class='ocrx_word' id='word_1_178' title='bbox 909 3653 995 3736; x_wconf 89' lang='lat' dir='ltr'>pleni</span> <span class='ocrx_word' id='word_1_179' title='bbox 1009 3654 1096 3719; x_wconf 85' lang='lat' dir='ltr'>recti.</span> <span class='ocrx_word' id='word_1_180' title='bbox 1133 3655 1226 3720; x_wconf 71' lang='lat' dir='ltr'>ueste</span> 
     </span>
    </p>
   </div>
   <div class='ocr_carea' id='block_1_8' title="bbox 225 3754 1226 3939">
    <p class='ocr_par' dir='ltr' id='par_1_8' title="bbox 225 3754 1226 3939">
     <span class='ocr_line' id='line_1_26' title="bbox 226 3754 1226 3851; baseline 0.004 -24"><span class='ocrx_word' id='word_1_181' title='bbox 226 3764 370 3828; x_wconf 86' lang='lat' dir='ltr'>Johanne</span> <span class='ocrx_word' id='word_1_182' title='bbox 396 3763 508 3844; x_wconf 83' lang='lat' dir='ltr'>Mald,</span> <span class='ocrx_word' id='word_1_183' title='bbox 532 3787 587 3848; x_wconf 88' lang='lat' dir='ltr'>per</span> <span class='ocrx_word' id='word_1_184' title='bbox 612 3754 806 3828; x_wconf 84' lang='lat' dir='ltr'>Willelmum</span> <span class='ocrx_word' id='word_1_185' title='bbox 838 3765 939 3828; x_wconf 91' lang='lat' dir='ltr'>filium</span> <span class='ocrx_word' id='word_1_186' title='bbox 968 3766 1113 3847; x_wconf 83' lang='lat' dir='ltr'>Martini,</span> <span class='ocrx_word' id='word_1_187' title='bbox 1142 3766 1226 3851; x_wconf 85' lang='lat' dir='ltr'>apud</span> 
     </span>
     <span class='ocr_line' id='line_1_27' title="bbox 225 3873 549 3939; baseline 0.009 -3"><span class='ocrx_word' id='word_1_188' title='bbox 225 3873 549 3939; x_wconf 76' lang='lat' dir='ltr'>westmonasterium.</span> 
     </span>
    </p>
   </div>
   <div class='ocr_carea' id='block_1_9' title="bbox 298 4008 1168 4072">
    <p class='ocr_par' dir='ltr' id='par_1_9' title="bbox 298 4008 1168 4072">
     <span class='ocr_line' id='line_1_28' title="bbox 298 4008 1168 4072; baseline 0 -15"><span class='ocrx_word' id='word_1_189' title='bbox 298 4008 346 4057; x_wconf 83' lang='lat' dir='ltr'>See</span> <span class='ocrx_word' id='word_1_190' title='bbox 357 4008 444 4057; x_wconf 81' lang='lat' dir='ltr'>Abbot</span> <span class='ocrx_word' id='word_1_191' title='bbox 454 4008 484 4057; x_wconf 80' lang='lat' dir='ltr'>os</span> <span class='ocrx_word' id='word_1_192' title='bbox 493 4008 532 4056; x_wconf 79' lang='lat' dir='ltr'>St.</span> <span class='ocrx_word' id='word_1_193' title='bbox 546 4009 694 4071; x_wconf 80' lang='lat' dir='ltr'>Augustino</span> <span class='ocrx_word' id='word_1_194' title='bbox 705 4025 728 4056; x_wconf 84' lang='lat' dir='ltr'>u.</span> <span class='ocrx_word' id='word_1_195' title='bbox 740 4008 856 4059; x_wconf 80' lang='lat' dir='ltr'>Emeline</span> <span class='ocrx_word' id='word_1_196' title='bbox 867 4009 900 4058; x_wconf 82' lang='lat' dir='ltr'>de</span> <span class='ocrx_word' id='word_1_197' title='bbox 912 4010 987 4068; x_wconf 83' lang='lat' dir='ltr'>Roos,</span> <span class='ocrx_word' id='word_1_198' title='bbox 996 4013 1063 4070; x_wconf 76' lang='lat' dir='ltr'>post,</span> <span class='ocrx_word' id='word_1_199' title='bbox 1074 4025 1099 4072; x_wconf 89' lang='lat' dir='ltr'>p.</span> <span class='ocrx_word' id='word_1_200' title='bbox 1112 4010 1168 4061; x_wconf 81' lang='lat'><strong>207.</strong></span> 
     </span>
    </p>
   </div>
   <div class='ocr_carea' id='block_1_10' title="bbox 447 4197 1032 4337">
    <p class='ocr_par' dir='ltr' id='par_1_10' title="bbox 447 4197 1032 4337">
     <span class='ocr_line' id='line_1_29' title="bbox 448 4197 1032 4259; baseline 0.002 -14"><span class='ocrx_word' id='word_1_201' title='bbox 448 4198 455 4227; x_wconf 88' lang='lat'><strong>¹</strong></span> <span class='ocrx_word' id='word_1_202' title='bbox 473 4198 489 4245; x_wconf 82' lang='lat'>2</span> <span class='ocrx_word' id='word_1_203' title='bbox 502 4197 571 4246; x_wconf 87' lang='lat' dir='ltr'>Hist.</span> <span class='ocrx_word' id='word_1_204' title='bbox 584 4197 652 4245; x_wconf 77' lang='lat' dir='ltr'>Mon.</span> <span class='ocrx_word' id='word_1_205' title='bbox 664 4197 777 4259; x_wconf 78' lang='lat' dir='ltr'>Abingd.</span> <span class='ocrx_word' id='word_1_206' title='bbox 790 4198 839 4245; x_wconf 82' lang='lat'>225</span> <span class='ocrx_word' id='word_1_207' title='bbox 856 4198 928 4257; x_wconf 83' lang='lat' dir='ltr'>(Reo.</span> <span class='ocrx_word' id='word_1_208' title='bbox 940 4197 1032 4259; x_wconf 83' lang='lat' dir='ltr'>Gom).</span> 
     </span>
     <span class='ocr_line' id='line_1_30' title="bbox 447 4273 1007 4337; baseline 0.002 -15"><span class='ocrx_word' id='word_1_209' title='bbox 447 4275 457 4306; x_wconf 73' lang='lat'><em>²</em></span> <span class='ocrx_word' id='word_1_210' title='bbox 475 4274 545 4324; x_wconf 73' lang='lat' dir='ltr'>nist.</span> <span class='ocrx_word' id='word_1_211' title='bbox 557 4274 626 4322; x_wconf 82' lang='lat' dir='ltr'>Mon.</span> <span class='ocrx_word' id='word_1_212' title='bbox 639 4274 679 4322; x_wconf 81' lang='lat' dir='ltr'>St.</span> <span class='ocrx_word' id='word_1_213' title='bbox 691 4274 757 4335; x_wconf 76' lang='lat' dir='ltr'>Aug.</span> <span class='ocrx_word' id='word_1_214' title='bbox 769 4274 818 4320; x_wconf 79' lang='grc'>408</span> <span class='ocrx_word' id='word_1_215' title='bbox 830 4273 902 4335; x_wconf 84' lang='lat' dir='ltr'>(Rec.</span> <span class='ocrx_word' id='word_1_216' title='bbox 915 4273 1007 4337; x_wconf 81' lang='lat' dir='ltr'>Gom).</span> 
     </span>
    </p>
   </div>
   <div class='ocr_carea' id='block_1_11' title="bbox 0 0 1528 4972">
    <p class='ocr_par' dir='ltr' id='par_1_11' title="bbox 0 0 1528 4972">
     <span class='ocr_line' id='line_1_31' title="bbox 0 0 1528 4972; baseline 0 0"><span class='ocrx_word' id='word_1_217' title='bbox 0 0 1528 4972; x_wconf 95' lang='lat' dir='ltr'> </span> 
     </span>
    </p>
   </div>
  </div>
 </body>
</html>
