3000 4972
299 538 318 596 2
548 552 680 596 ruscrrs
703 550 1052 595 suono-nonusnurcs.

300 705 392 770 terris
428 710 461 769 et
497 702 766 767 dominationibus
799 703 872 767 suis.
929 704 1061 787 Propter
1098 702 1180 787 quod
1217 702 1300 767 idem

300 815 455 880 Edwinus
480 813 665 898 etquidem
695 812 761 892 alii,
785 813 840 897 qui
869 813 960 896 ejeoti
990 814 1128 890 fuerunt,
1155 813 1301 877 abierunt

300 926 341 989 ad
364 933 600 1011 conquestorem
624 933 658 991 et
683 927 830 990 dixerunt
856 926 895 1004 ei,
919 925 1003 1009 quod
1033 947 1197 1007 nunquam
1227 929 1301 987 ante

300 1044 506 1120 conquestum
535 1060 593 1101 nee
622 1037 656 1100 in
686 1042 858 1120 conquestu
887 1058 954 1113 suo,
987 1057 1043 1099 neo
1072 1041 1144 1118 post
1173 1035 1302 1097 suerunt

300 1152 409 1210 eontra
424 1147 527 1231 ipsum
549 1169 655 1231 regem
679 1147 713 1210 in
728 1146 857 1211 oonsilio
872 1152 905 1210 et
919 1146 1045 1222 auxilio,
1063 1144 1115 1207 sed
1132 1150 1302 1208 tenuerunt

301 1279 334 1321 se
348 1257 382 1320 in
397 1279 482 1340 paee,
497 1264 530 1321 et
552 1258 610 1321 hoo
633 1257 734 1341 parati
750 1256 869 1319 fuerint
890 1256 1021 1339 probare
1036 1277 1098 1338 quo
1121 1255 1213 1317 modo
1236 1253 1302 1337 ipso

301 1390 356 1430 rex
370 1367 467 1432 vellet
481 1368 629 1433 ordinare.
675 1369 736 1432 Per
751 1367 834 1452 quod
850 1367 932 1430 idem
948 1390 1002 1430 rex
1017 1367 1093 1430 feeit
1114 1365 1232 1449 inquiri
1248 1388 1303 1448 per

300 1483 402 1542 totam
432 1479 596 1562 Angliam,
620 1479 647 1543 si
677 1479 723 1542 ita
752 1478 834 1556 fuit3
864 1478 950 1562 quod
980 1476 1107 1561 quidem
1134 1477 1301 1560 probatum

301 1587 380 1668 fuit3
404 1590 629 1675 propterquod
651 1589 735 1653 idem
752 1612 806 1652 rex
825 1589 983 1672 praeoopit,
1000 1595 1037 1652 ut
1055 1610 1163 1653 omnes
1186 1587 1233 1650 illi
1248 1587 1303 1672 qui

300 1701 345 1763 sio
371 1705 542 1764 tenuerunt
568 1700 656 1765 sein
679 1723 754 1784 paee
777 1700 934 1765 informa
958 1700 1116 1785 praedicta,
1133 1700 1217 1785 quod
1242 1699 1303 1783 ipsi

300 1811 485 1875 rehaberent
514 1834 621 1876 omnes
650 1819 749 1876 terras
786 1818 819 1876 et
855 1812 1086 1877 dominationes
1123 1835 1195 1875 suas
1227 1810 1303 1875 adeo

301 1920 424 2004 integre
439 1927 472 1985 et
493 1921 526 1985 in
542 1945 628 2005 paee,
644 1928 682 1986 ut
703 1943 844 2006 unquam
867 1921 1046 1985 habuerunt
1060 1920 1110 1985 vel
1132 1926 1304 1985 tenuerunt

301 2036 376 2094 unte
412 2040 619 2115 conquestum
649 2055 740 2095 suum
753 2059 762 2110 3
801 2037 833 2095 et
862 2031 946 2114 quod
982 2031 1043 2114 ipsi
1080 2030 1114 2092 in
1142 2037 1302 2115 posterum

301 2147 487 2205 vocarentur
511 2142 664 2225 Drenges.
711 2143 811 2225 Super
833 2141 916 2224 quod
940 2141 1023 2204 idem
1047 2163 1101 2204 rex
1123 2142 1162 2204 ad
1185 2148 1303 2205 sectam

301 2251 443 2335 praedioti
459 2251 585 2314 Edwini
600 2252 765 2315 mandavit
786 2252 941 2335 praediotis
958 2250 1131 2314 Willielmo
1149 2252 1303 2334 pincernm

302 2367 335 2456 et
348 2361 522 2426 Willielmo
538 2362 575 2425 do
595 2362 765 2426 Warennia
787 2362 869 2447 quod
891 2361 953 2445 ipsi
968 2361 1142 2426 deliberent
1157 2363 1303 2445 praedicto

302 2473 435 2554 Edwino
460 2495 567 2536 omnes
591 2478 690 2538 terras
714 2478 748 2537 et
773 2472 1001 2537 dominationes
1027 2496 1100 2537 suas
1126 2497 1164 2537 ex
1190 2474 1304 2558 quibus

302 2587 459 2670 ejecerunt
474 2607 557 2649 eum.

573 2746 651 2795 Astu
663 2744 715 2794 this
727 2760 794 2803 ease,
807 2760 849 2795 seo
862 2746 906 2795 the
918 2745 1032 2795 Presaoo.

332 3255 470 3337 [Brsuor
492 3254 658 3318 Wmsrsu
680 3278 708 3319 o.
731 3256 942 3319 Asounrsnor
965 3257 1109 3321 Tironis.
1156 3257 1281 3342 1070.]ι

307 3424 418 3490 [Bishop
429 3428 549 3477 Wnlstan
565 3427 595 3476 of
603 3428 750 3477 Woroester
767 3431 782 3455 “
792 3429 827 3491 by
845 3430 891 3478 the
903 3429 960 3492 just
973 3429 1112 3493 jndgmont
1129 3431 1157 3479 of
1175 3430 1253 3480 G0d”
1267 3449 1306 3481 re·

370 3519 459 3553 covers
476 3505 550 3553 lands
567 3505 598 3552 of
610 3506 728 3564 Thomas,
742 3506 896 3568 urohbishop
907 3507 938 3555 of
950 3508 1027 3566 York,
1040 3508 1124 3555 which
1143 3510 1188 3556 tho
1205 3511 1307 3559 latter's

370 3570 536 3642 predecessor
555 3581 607 3628 hun
624 3583 742 3630 retained
761 3583 837 3631 when
856 3583 1017 3632 transferred
1033 3584 1098 3632 from
1117 3586 1262 3635 Worcester
1279 3592 1307 3637 to

372 3650 459 3725 York;
476 3660 522 3707 the
534 3659 651 3721 plaintiff
659 3659 757 3721 having
767 3661 832 3707 boon
844 3660 987 3722 compellod
1000 3666 1027 3709 to
1039 3662 1111 3710 defer
1122 3663 1163 3711 his
1175 3666 1228 3712 snit
1240 3667 1307 3713 until

372 3735 417 3784 the
428 3750 544 3798 vaoanoy
555 3736 582 3783 in
594 3738 640 3784 the
657 3752 700 3784 see
712 3737 741 3784 os
752 3737 821 3786 York
832 3753 887 3786 was
899 3738 969 3787 filled
988 3739 1024 3800 by
1035 3740 1081 3787 the
1092 3744 1270 3791 consecration
1281 3744 1311 3791 of

372 3813 417 3860 tho
434 3812 583 3864 defendant.
618 3814 688 3860 Trinl
699 3815 787 3862 before
799 3815 845 3863 the
862 3816 933 3876 king,
946 3817 1101 3880 arohbishop
1114 3819 1250 3878 Lunfrano,
1263 3821 1308 3869 the

372 3891 486 3952 bishops‚
500 3892 601 3952 abbots,
613 3893 687 3949 ends,
701 3892 752 3940 and
763 3901 839 3955 great
850 3892 932 3958 men]

299 4042 348 4105 du
369 4042 428 4106 hoe
443 4041 549 4126 itaque
564 4041 718 4122 coneilio,²
736 4045 811 4107 dum
833 4045 935 4111 oaeteri
957 4047 1082 4132 trepidi,
1099 4054 1208 4133 utpote
1225 4050 1308 4134 regis

433 4202 441 4234 ¹
459 4205 475 4250 2
488 4203 611 4252 Florenoe
623 4202 651 4251 of
662 4204 813 4263 Woroester,
826 4205 848 4263 5,
861 4205 883 4263 6,
895 4207 911 4254 8
924 4205 1000 4269 (Eng.
1013 4207 1084 4256 Hist.
1099 4209 1176 4272 Son).

432 4281 441 4311 ¹
459 4281 496 4330 At
508 4282 675 4341 Winohester,
688 4283 718 4330 ia
730 4285 825 4331 octavis
837 4285 945 4343 Pascha,
960 4286 1030 4336 1070.
