3000 4972
305 540 347 601 26
551 558 686 602 rmomn
710 557 1060 605 auaro-nonunumon.

304 717 336 773 et
367 708 539 773 Ricardum
571 711 674 774 filium
708 710 832 774 comitis
864 711 1044 790 Gislebcrti,
1067 717 1100 776 et
1135 711 1308 798 Hugonem

304 819 343 883 de
366 820 568 902 Monteforti,
584 828 616 886 et
641 820 821 886 (roffridum
844 821 882 886 de
903 822 1112 904 Mannavilla,
1128 830 1160 888 et
1188 826 1307 889 Radul·

303 931 372 994 sum
398 930 437 995 de
463 931 565 1012 Belfo,
593 938 626 996 et
661 933 825 997 Herveum
853 933 1095 1014 Bituricensem,
1117 941 1150 999 et
1184 936 1307 1001 Harde-

304 1041 424 1106 winnm
457 1042 496 1107 de
528 1043 681 1122 Escalers,
703 1051 737 1108 et
767 1042 845 1108 alios
867 1067 945 1129 quos
967 1045 1065 1108 abbas
1087 1045 1178 1110 vobis
1204 1048 1307 1111 nomi-

304 1153 403 1219 nabit.

304 1361 436 1427 [Another
450 1362 511 1411 writ
528 1362 557 1411 of
573 1361 619 1412 the
636 1362 700 1426 king
716 1362 873 1503 concernirpg
891 1364 967 1412 lande
985 1363 1094 1412 claimed
1110 1363 1147 1427 by
1164 1364 1209 1413 the
1227 1365 1307 1415 ebbot

735 1440 764 1489 of
781 1441 839 1503 Ely.
863 1443 871 1474 ¹

345 1591 525 1658 Willelmus
555 1614 610 1657 rex
633 1592 824 1675 Anglor'um,
856 1593 1034 1678 Lanfranco
1064 1594 1305 1680 archiepiscope,

301 1709 334 1769 et
366 1703 514 1769 Gosfrido
547 1703 786 1768 Constantienei
819 1704 974 1789 episcopo,
1006 1704 1153 1770 salutem.
1199 1708 1306 1772 Facite

301 1814 448 1878 abbatem
464 1814 503 1878 de
527 1813 604 1877 Heli
626 1813 761 1878 resaisiri
777 1814 815 1878 de
830 1813 901 1878 istis
916 1815 1008 1879 terris
1023 1839 1100 1900 quas
1115 1817 1169 1881 isti
1183 1824 1304 1882 teuent.

303 1926 402 2008 Hugo
424 1924 463 1988 de
486 1924 686 2004 Monteforti‚
710 1946 809 1988 unum
832 1925 1008 1989 manerium
1029 1926 1156 1990 nomine
1172 1927 1305 1992 Berche·

221 2016 227 2033 ⁸
300 2037 375 2099 ham
385 2061 395 2113 3
430 2035 583 2098 Ricardus
609 2033 694 2098 filius
715 2034 841 2099 comitis
865 2034 1045 2114 Gislebcrti,
1070 2036 1304 2116 Broehcsheve3

300 2145 429 2209 Picotus
440 2145 612 2209 vicecomes
627 2144 842 2229 Epintonam3
878 2145 978 2229 Hugo
995 2146 1033 2210 de
1056 2147 1208 2211 Bernervi
1235 2148 1304 2213 III.

299 2255 410 2334 hidas5
439 2255 605 2340 Remigius
628 2255 790 2341 episcopus
813 2256 843 2321 Ι.
865 2256 995 2335 hidam3
1021 2257 1186 2342 episcopus
1210 2259 1304 2322 Baio-

299 2369 400 2434 ccnsis
412 2369 460 2434 II.
474 2368 583 2447 hidas3
602 2367 702 2434 Frodo
714 2368 811 2432 frater
824 2368 948 2432 abbatis
965 2369 994 2435 Ι.
1010 2369 1197 2435 manerium.
1230 2372 1303 2435 Duo

299 2479 487 2565 carpentarii
503 2480 531 2544 Ι.
547 2479 667 2558 hidam,
678 2486 711 2544 et
722 2479 788 2543 III.
800 2479 951 2564 virgatas,
962 2479 989 2543 si
998 2480 1065 2564 ipse
1075 2480 1172 2545 abbas
1188 2481 1305 2564 poterit

299 2590 462 2656 ostendere
485 2590 683 2674 supradictae
706 2594 804 2653 terras
826 2611 893 2653 osse
915 2588 953 2654 de
974 2590 1113 2653 dominio
1129 2613 1191 2654 sua
1208 2591 1303 2655 ecole-

298 2702 361 2781 siae,
385 2707 418 2766 et
440 2701 466 2765 si
488 2700 663 2786 supradicti
696 2699 839 2765 hominos
871 2722 934 2764 non
966 2700 1106 2784 poterint
1139 2701 1303 2766 ostendero

299 2822 337 2879 nt
367 2837 418 2879 eas
448 2820 548 2879 terras
570 2812 755 2877 habuissent
777 2812 815 2876 de
837 2812 919 2876 dono
942 2834 1022 2875 mco.
1069 2812 1174 2876 Facite
1205 2812 1302 2877 etiam

298 2933 336 2991 ut
350 2927 447 2991 abbas
469 2926 638 3011 pradictus
661 2925 776 2989 habeat
803 2945 908 2988 sacam
940 2945 1029 2987 suam
1063 2930 1096 2986 ct
1130 2947 1247 3005 socam,
1269 2930 1303 2990 et

297 3037 373 3101 alias
397 3036 641 3101 consuetudines
674 3036 756 3100 sicut
788 3040 964 3098 antecessor
997 3033 1066 3117 ojus
1096 3034 1219 3114 habuit,
1251 3036 1302 3100 dic

297 3170 360 3232 qua
375 3170 430 3210 rex
445 3147 620 3210 Edwardus
635 3145 698 3209 fuit
713 3145 805 3209 vivus
820 3149 852 3208 et
869 3149 1021 3207 mortuus.

298 3386 368 3452 [The
384 3388 469 3450 hingo
480 3386 541 3435 vrit
558 3384 715 3447 concerning
725 3383 868 3523 privileges]
882 3382 913 3431 of
927 3383 977 3445 ΕΙ]
988 3395 1049 3429 over
1059 3379 1160 3429 certain
1170 3378 1301 3428 lmndredr

705 3460 733 3510 oi
746 3459 851 3509 Suffolk.
879 3459 889 3490 ¹

338 3627 520 3692 Willelmus
550 3647 604 3689 rex
630 3623 823 3706 Anglorum,
850 3621 1029 3686 Lanfruuco
1059 3620 1299 3704 archiepiscopo,

297 3739 455 3807 Goisfrido
478 3734 739 3801 constantinensi
765 3735 919 3818 episcopo,
943 3740 976 3797 et
999 3732 1158 3796 Rodberto
1189 3731 1299 3796 comiti

296 3853 335 3917 de
345 3848 531 3927 Meritonio,
544 3847 690 3911 salutem.
718 3845 825 3910 Facite
837 3846 1016 3909 Simeonem
1028 3843 1174 3907 abbatem
1187 3842 1299 3907 habere

294 3986 399 4030 socam
421 3967 455 4026 et
477 3982 581 4025 sacam
613 3979 703 4023 suam
735 3963 829 4042 prout
860 3979 935 4021 suus
968 3962 1144 4020 antecessor
1174 3954 1298 4033 habuit,

293 4084 434 4158 tempore
457 4070 542 4156 regis
565 4068 713 4134 Edwardi
736 4067 884 4133 videlicet
914 4067 953 4132 de
986 4065 1124 4151 quinque
1157 4066 1297 4132 hundrez

326 4276 335 4308 ¹
355 4276 433 4324 Liber
446 4273 567 4331 Elimeia,
579 4269 629 4322 25⁷
640 4271 720 4334 (Ang.
734 4270 817 4319 Chris.
830 4266 911 4332 Soa).
1125 4268 1136 4300 ²
1155 4270 1193 4317 Ib.
1206 4270 1262 4318 258.
