3000 4972
293 494 355 556 200
537 509 670 555 anaema
693 508 1040 554 asaro-vonnamvrca

291 662 359 728 eine
375 683 493 745 magna
513 661 632 747 injuria
653 661 749 747 regis)
767 660 915 740 evenerit,
929 660 1030 724 multa
1052 657 1292 744 superaddentes

292 794 385 850 vana,
422 777 610 837 retexerunt.
669 769 909 855 Importunitati
940 792 1072 855 quorum
1104 792 1176 833 cum
1212 768 1292 853 legis

295 881 440 966 aequitate
463 883 638 947 satisfacere
669 881 785 960 volens,
814 881 950 966 quodam
979 880 1023 946 eis
1051 880 1144 945 breve
1166 881 1293 957 tradito,

292 991 459 1077 repatriare
484 991 646 1077 permisit.¹
693 993 897 1055 Revertentes
929 1013 1010 1068 vero,
1026 996 1058 1055 ct
1082 1012 1206 1075 prorsus
1230 989 1291 1052 fori

294 1101 553 1166 Abbendonensie
568 1099 757 1166 eversionem
773 1101 806 1164 in
827 1099 941 1165 litteris
957 1100 1109 1165 contineri
1131 1108 1293 1185 putantes,

295 1211 336 1275 ad
353 1211 513 1295 justitiam
528 1210 664 1295 Angliae,
681 1212 855 1275 Robertum
872 1210 1016 1275 videlicet
1030 1211 1177 1276 comitem
1193 1213 1293 1294 Lege·

295 1321 433 1401 cestriae,²
456 1327 672 1405 pervenerunt.
719 1323 851 1386 Lectum
872 1344 946 1406 ergo
962 1328 1009 1385 est
1032 1344 1135 1385 coram
1157 1321 1292 1405 justitia,

295 1431 408 1496 abbate
424 1432 603 1496 Walkelino
625 1431 799 1511 assistente,
815 1431 907 1497 breve
931 1431 1148 1517 hujuscemodi
1174 1432 1293 1497 habene

297 1565 442 1607 sensum:

341 1651 719 1736 Henricus,1·exAngliae,
731 1659 763 1716 et
774 1650 839 1715 dux
848 1650 1052 1715 Normanniae
1063 1657 1095 1716 et
1104 1649 1293 1736 Aquitaniae,

296 1769 329 1827 et
353 1785 455 1827 comes
470 1762 674 1846 Andegaviae,
691 1762 827 1826 Roberto
843 1763 950 1827 comiti
973 1763 1188 1846 Legeoestriae,
1212 1760 1295 1826 salu·

295 1879 371 1938 tem.
409 1872 558 1956 Praeeipio
580 1880 627 1952 ut,
642 1879 811 1936 convocato
826 1873 912 1936 omni
927 1879 1084 1938 conventu
1106 1872 1295 1950 Berchesire,

299 1982 449 2047 XXIIII.
475 1982 617 2047 homines
642 1983 679 2047 de
701 1982 873 2047 senioribus
899 1983 953 2068 qui
980 1983 1111 2048 Henrici
1135 1983 1229 2069 regiS,
1244 1981 1296 2046 avi

296 2091 369 2171 mei,
398 2098 537 2176 tempore
564 2093 704 2171 fuerunt,
727 2093 841 2177 eligere
877 2094 985 2158 faciae.
1033 2095 1097 2160 Qui
1130 2095 1157 2158 si
1192 2096 1296 2179 jurare

295 2201 434 2286 poterint
447 2202 530 2286 quod
541 2202 574 2265 in
589 2202 699 2266 diebus
710 2204 778 2287 ejus
789 2202 917 2287 plenum
933 2211 1104 2268 mercatum
1118 2205 1152 2268 in
1168 2203 1295 2268 Abben·

297 2312 392 2377 donia
404 2312 510 2387 fuerit,
530 2313 575 2378 ita
589 2312 632 2377 sit
653 2322 686 2378 et
708 2336 802 2378 nunc.
849 2315 971 2380 sivero
991 2338 1049 2380 noc
1070 2315 1217 2393 viderint,
1239 2334 1297 2377 nec

295 2422 400 2507 jurare
421 2422 572 2507 poterint,
595 2429 632 2487 ut
655 2429 774 2488 rectum
800 2430 859 2504 est,
874 2425 1084 2510 prohibeatur,
1100 2448 1139 2490 ne
1161 2424 1296 2511 amplius

296 2532 370 2598 inde
385 2532 552 2598 clamorem
568 2534 703 2599 audiam.

342 2644 415 2710 Quo
429 2646 574 2729 perlecto,
589 2645 711 2709 confusi
726 2652 802 2710 sunt
823 2669 843 2710 a
863 2669 917 2731 spe
939 2670 995 2710 sua
1016 2646 1069 2732 qui
1084 2653 1295 2731 portaverant,

296 2761 405 2840 utpote
414 2757 453 2821 de
464 2756 595 2821 veritate
609 2755 670 2818 sibi
684 2755 809 2820 conscii.
839 2755 1044 2842 Praecipiente
1054 2762 1160 2820 tamen
1172 2756 1296 2835 comite,

296 2866 403 2931 Adam
425 2866 594 2932 vicecomes
616 2865 801 2931 comitatum
816 2865 944 2951 plenum
965 2868 1048 2951 apud
1064 2866 1297 2951 Ferneburgam

297 2999 504 3062 congregans,
528 2978 681 3057 homines,
711 2979 765 3063 qui
795 2979 966 3043 secundum
995 2977 1079 3062 regis
1108 2985 1296 3063 praeoeptum

296 3088 401 3170 jurare
427 3088 585 3166 deberent,
610 3087 723 3154 electos
749 3088 925 3168 constituit,
945 3088 1000 3173 qui
1023 3112 1094 3153 cum
1119 3091 1297 3174 juramento

296 3205 494 3263 asseruerunt
508 3222 540 3263 se
554 3222 657 3263 rerum
666 3199 807 3264 omnium
822 3200 981 3264 venalium
995 3207 1167 3265 mercatum
1181 3198 1296 3284 plenia·

297 3307 413 3371 simum
430 3308 508 3372 inibi
523 3309 637 3374 vidisse
652 3316 684 3374 et
698 3310 886 3375 interfuisse.

346 3417 408 3480 His
420 3418 465 3480 ita
476 3419 570 3483 finem
586 3418 785 3498 habentibus,
800 3427 833 3484 et
847 3443 920 3504 rege
934 3420 974 3484 ad
989 3442 1121 3504 regnum
1138 3419 1297 3504 proprium

298 3534 483 3605 revertente,
498 3536 711 3593 convenerunt
725 3529 765 3592 ad
787 3553 859 3594 eum
884 3532 1059 3614 jurgatores
1074 3529 1223 3613 predicti,
1238 3531 1297 3593 fin-

296 3643 407 3722 gentes
421 3638 636 3721 juramentum
661 3639 778 3703 falsum
798 3641 919 3705 factum
941 3641 1049 3720 fuisse,
1063 3641 1213 3725 ct-quia
1229 3640 1296 3724 qui-

296 3747 370 3811 dam
393 3770 500 3812 eorum
525 3748 580 3832 qui
605 3748 787 3833 juraverant
812 3752 850 3815 de
875 3750 1002 3815 abbatia
1024 3752 1239 3835 erant—quod
1253 3750 1298 3815 eis

297 3857 372 3923 utile
387 3857 560 3938 videbatur,
570 3865 602 3923 et
613 3882 675 3923 non
687 3861 770 3945 quod
785 3861 828 3926 rei
843 3860 957 3926 veritas
970 3860 1111 3940 docebat,
1123 3860 1297 3944 protulisse.

329 4072 337 4106 ¹
358 4070 500 4122 Permitted
512 4071 584 4121 them
598 4074 627 4121 to
638 4076 729 4121 return
740 4075 769 4121 to
781 4071 909 4135 England.

327 4145 453 4199 ²Robert
473 4149 506 4199 de
528 4151 680 4208 Beaumont,
701 4150 755 4198 earl
780 4150 809 4197 of
834 4151 973 4210 Leiceater,
997 4150 1069 4200 chief
1085 4151 1213 4215 justiciar,
1235 4150 1300 4198 1154

293 4227 400 4277 -1162.
