3000 4972
635 535 779 580 arenam>
803 535 826 579 1.
1183 512 1245 575 231

242 688 409 766 militibus,
425 688 540 753 comite
565 687 712 753 Alberiec
736 692 769 752 et
792 685 902 751 multis
925 685 996 750 aliis
1017 682 1247 761 assistentibus,

243 799 328 863 dixit
338 826 347 877 3
373 799 456 883 quod
478 797 588 862 ballivi
610 797 660 861 sui
682 798 824 863 lecerunt
845 796 874 861 ci
889 795 1074 882 intelligere,
1090 795 1173 880 quod
1188 793 1249 878 ipsi

242 910 386 975 solebant
400 908 566 974 annuatim
589 909 727 992 accipere
749 907 789 972 od
809 930 887 991 opus
909 930 1001 970 suum
1018 907 1060 970 V.
1077 905 1191 970 solidos
1211 904 1249 968 de

244 1020 407 1085 hundredo
430 1026 462 1084 et
479 1018 606 1083 ballivis
628 1018 794 1098 hundredi,
809 1025 842 1083 et
860 1040 944 1081 nune
966 1016 1181 1081 detinerentur
1201 1015 1250 1078 in·
1287 1054 1292 1064 ·

245 1131 350 1214 juste,
370 1136 403 1193 et
415 1128 585 1211 allegabat,
594 1129 677 1213 quod
688 1128 915 1212 predecessores
924 1126 973 1190 sni
985 1127 1112 1191 suerunt
1120 1123 1250 1202 feoffati,

245 1240 285 1303 cd
314 1240 495 1324 capcioncm
519 1239 647 1323 Anglie‚
677 1239 715 1302 de
747 1244 831 1302 terra
856 1236 969 1301 Alfriei
992 1237 1051 1301 filii
1075 1234 1249 1312 Withari3¹

246 1351 299 1436 qui
324 1350 482 1434 quondam
510 1350 612 1413 fuerat
637 1348 783 1413 dominus
812 1347 897 1411 illius
933 1347 1096 1412 hundredi.
1143 1346 1251 1410 Abbas

247 1483 319 1526 vero
343 1459 403 1523 sibi
428 1459 601 1539 consulens,
621 1481 678 1523 nec
702 1459 741 1524 de
763 1458 832 1523 loco
856 1480 888 1522 se
908 1480 1048 1533 movens,
1070 1456 1250 1541 respondit:

247 1576 268 1606 “
280 1571 403 1634 Mirum
428 1569 563 1648 videtur,
594 1568 720 1633 domine
750 1590 862 1645 comes,
890 1568 974 1651 quod
1004 1566 1101 1631 dieis!
1135 1565 1252 1631 delicit.

251 1682 321 1745 Rex
343 1679 535 1744 AEdwardus
560 1679 648 1743 dedit
675 1681 793 1743 Sancto
817 1679 1003 1742 AEdmundo
1029 1684 1062 1742 et
1082 1684 1169 1742 curta
1197 1699 1254 1740 sun

248 1790 448 1855 confirmavit
462 1790 546 1853 hunc
560 1789 760 1853 hundredum
782 1790 917 1873 integre,
934 1795 967 1854 et
989 1789 1026 1853 de
1042 1788 1104 1852 illis
1121 1789 1161 1852 V.
1178 1787 1251 1851 soli·

250 1899 298 1964 dis
318 1899 406 1962 nulla
429 1900 467 1963 fit
491 1898 535 1961 ibi
558 1898 689 1962 mencio.
745 1898 921 1962 Dicendum
946 1906 994 1963 est
1020 1898 1090 1978 tibi,
1114 1922 1253 1983 proquo

250 2009 390 2087 servicio,
417 2009 465 2073 vel
489 2033 551 2094 qua
577 2009 696 2072 ratione
721 2008 823 2093 exigis
853 2009 921 2073 illos
943 2010 985 2074 V.
1009 2010 1156 2074 solidos?
1211 2012 1255 2073 Et

252 2143 363 2198 comeS,
375 2118 485 2184 habito
494 2118 623 2184 consilio
638 2141 775 2198 suorum,
789 2120 949 2204 respondit
963 2144 995 2185 se
1007 2121 1116 2186 debere
1132 2128 1255 2205 portare

252 2230 401 2294 vexillum
416 2230 526 2294 Sancti
536 2229 714 2293 AEdmundi
727 2230 759 2292 in
769 2230 918 2310 exercitu,
932 2238 963 2296 ct
978 2232 1017 2296 ob
1033 2232 1114 2296 hane
1130 2255 1255 2296 causam

254 2341 322 2405 illos
333 2342 375 2405 V.
386 2340 500 2404 solidos
515 2339 575 2403 sibi
590 2339 706 2404 deberi.
751 2342 795 2403 Et
809 2341 969 2425 respondit
985 2342 1099 2406 abbas:
1123 2348 1142 2377 “
1153 2344 1256 2421 Certe,

254 2451 426 2534 inglorium
441 2473 505 2514 esse
516 2450 640 2514 videtur·
655 2451 681 2512 si
692 2458 800 2515 tantus
816 2451 874 2529 vir,
885 2457 995 2536 utpote
1010 2475 1112 2517 eomes
1128 2453 1257 2518 Claren-

255 2561 308 2638 sis,
325 2568 389 2623 tam
406 2582 537 2642 parvum
553 2559 670 2623 donum
691 2585 746 2644 pro
761 2561 819 2624 tali
834 2563 963 2627 servicio
979 2563 1127 2647 recipiat:
1150 2565 1259 2628 abbati

256 2679 361 2734 alitem
383 2670 490 2733 Sancti
515 2669 691 2732 AEdmundi
730 2694 861 2752 parvum
899 2696 1070 2756 gravamen
1101 2681 1151 2738 est
1185 2676 1259 2739 dare

258 2782 300 2846 V.
323 2778 447 2844 solidos
493 2780 605 2843 Comes
632 2781 672 2843 R.
707 2781 801 2863 bigot
839 2805 870 2847 se
907 2783 1070 2846 saisiatum
1106 2792 1204 2864 tenet,
1228 2796 1261 2850 et

259 2890 421 2953 saisiatum
450 2912 482 2952 se
520 2890 630 2953 asserit
659 2891 760 2954 officio
791 2892 936 2975 portandi
966 2893 1117 2957 vexillum
1153 2898 1262 2962 Sancti

258 2999 447 3077 AEdmundi,
468 2999 521 3083 qui
542 2999 620 3063 illud
643 3001 780 3083 portavit
798 3002 923 3085 (luendo
947 3027 1049 3068 comes
1068 3005 1263 3076 Lehecestrie

258 3111 321 3175 fuit
346 3116 457 3193 captus
486 3115 519 3173 et
552 3108 752 3174 blandienses
785 3111 946 3176 destructi.
992 3115 1128 3180 Thomas
1165 3119 1263 3184 eciam

259 3224 298 3288 de
328 3221 504 3286 Mendham
533 3219 611 3283 dicit
650 3221 708 3284 hoc
746 3244 811 3287 esse
835 3223 889 3306 jus
925 3246 1027 3290 suum.
1073 3227 1154 3291 Cum
1192 3254 1265 3298 vero

261 3331 498 3398 dirationaveris
521 3354 627 3395 versus
645 3354 696 3395 eos
710 3333 768 3396 hoc
788 3356 853 3397 esse
867 3334 919 3417 jirs
935 3340 1037 3415 tuum,
1051 3360 1110 3423 ego
1130 3339 1266 3407 libenter

263 3445 305 3508 V.
351 3443 474 3522 solidos,
515 3466 592 3527 quos
634 3442 747 3526 queris,
786 3444 993 3527 persolvam.”
1039 3448 1150 3513 Comes
1195 3475 1266 3518 vero

265 3552 434 3638 respondit,
450 3574 482 3616 se
497 3576 562 3616 esse
576 3551 753 3615 locuturum
772 3552 842 3617 inde
858 3576 929 3618 cum
946 3557 1059 3622 comite
1076 3560 1114 3623 R.
1132 3569 1266 3646 cognato

265 3685 331 3740 suo,
346 3661 438 3727 etsie
455 3686 503 3726 res
519 3662 603 3745 cepit
618 3662 807 3726 dilacionem
823 3686 920 3748 nsque
935 3666 1038 3732 hodie.

578 3842 585 3874 ¹
605 3841 617 3887 l
632 3839 787 3902 Doomsdey,
799 3840 848 3888 389
859 3842 883 3896 b,
895 3843 952 3891 390.
