3000 4972
300 535 359 597 120
546 555 679 599 enacim
702 555 1051 602 sueno-souusnnrcu.

359 707 433 755 cided
444 709 479 770 by
491 708 550 755 four
568 708 756 771 neighbouriug
768 712 859 758 towns.
896 710 979 759 Seven
999 710 1130 759 hundreda
1150 709 1297 759 assembled

360 784 448 832 before
456 785 551 843 Warin‚
562 786 655 833 sheritf.
681 786 785 834 Sixteen
794 803 852 835 mon
862 803 948 836 swern
956 791 985 835 to
993 789 1068 836 make
1077 792 1135 836 true
1142 789 1297 836 affirmation

360 877 393 908 on
406 863 565 923 inquisition,
579 863 661 910 affirm
673 863 732 910 that
744 864 789 912 the
807 864 868 912 laud
885 865 933 912 bus
950 865 1049 928 always
1060 867 1135 926 been,
1147 866 1198 913 aud
1215 865 1298 927 ought

360 944 388 988 to
399 941 432 988 be
444 944 622 1002 appurtenaut
633 945 662 988 to
673 941 710 998 B.,
723 957 753 990 as
764 942 875 991 claimed
886 943 921 1005 by
933 943 978 990 the
990 944 1138 1005 plaintiffs.]

296 1081 393 1144 Anno
405 1082 572 1145 millesimo
585 1081 770 1145 centensimo
782 1082 946 1147 vicessima
957 1084 1093 1147 secundo
1102 1084 1141 1146 ab
1154 1083 1297 1146 iucarna-

296 1192 528 1256 tioneDomiui.
547 1192 704 1256 Henricus
714 1216 768 1256 rex
775 1193 954 1275 Anglorum
965 1193 1111 1277 praecepit·
1120 1201 1156 1255 ut
1165 1191 1298 1277 quarela

294 1303 519 1367 monachorum
532 1303 642 1367 Sancti
656 1303 809 1386 Stephani
825 1304 968 1382 Cadomi‚
980 1326 1074 1387 quam
1090 1303 1250 1368 iaciebant
1258 1302 1297 1366 de

295 1420 388 1492 terra,
405 1437 474 1497 quse
489 1415 629 1497 pertinet
644 1413 683 1478 ad
700 1413 927 1490 Bridetouam‚¹
945 1437 1039 1498 quam
1055 1415 1197 1478 homiues
1212 1413 1296 1496 regis

296 1525 334 1589 de
350 1526 517 1608 Brideport
532 1526 770 1610 praeripuerant,
787 1531 820 1588 et
841 1524 957 1588 auxilio
981 1525 1196 1589 ministrorum
1212 1525 1296 1609 regis

295 1636 390 1722 potiti
412 1636 467 1699 diu
490 1644 668 1714 tenuerant,
692 1636 749 1698 sub
773 1636 1005 1700 examinatione
1023 1636 1168 1718 judicum
1192 1636 1294 1699 discu-

293 1752 415 1810 teretur
428 1773 436 1824 ;
460 1747 505 1810 ita
520 1747 648 1830 quidem
664 1754 701 1810 ut
716 1746 789 1810 finis
800 1746 899 1810 totius
914 1747 1096 1830 quaestionis
1110 1747 1144 1809 in
1160 1747 1294 1809 affirma·

295 1858 382 1922 tione
398 1859 537 1921 virorum
552 1857 590 1921 de
605 1863 740 1941 quatuor
761 1858 905 1941 partibus
916 1858 1090 1922 vicinitatis
1112 1857 1197 1920 illius
1214 1857 1295 1920 villa

294 1976 474 2055 poneretur.
521 1969 614 2033 Quod
638 1992 709 2053 sepe
734 1969 880 2046 dilatum,
904 1969 1032 2034 taudem
1058 1975 1094 2032 ut
1120 1970 1218 2046 fieret,
1244 1968 1293 2030 iu-

295 2080 403 2144 stabat
424 2080 508 2162 regis
525 2080 635 2161 jussio
681 2080 743 2143 Die
765 2080 867 2163 igitur
888 2086 1018 2159 statute,
1035 2079 1215 2162 calumpnia
1229 2101 1294 2142 mo·

295 2192 468 2256 nachorem
491 2190 601 2254 audita
622 2197 671 2255 est
694 2212 797 2255 coram
821 2197 939 2274 septem
963 2190 1135 2254 hundredis
1152 2191 1207 2273 qui
1221 2212 1293 2253 eon·

294 2307 446 2368 venerant
467 2325 560 2385 super
581 2303 710 2366 eandem
735 2309 860 2379 terram,
883 2326 923 2366 ex
944 2301 1240 2384 circumjacentibus
1261 2307 1295 2364 et

293 2416 400 2500 procul
422 2415 552 2479 remotis
582 2414 677 2494 villis,
703 2418 854 2498 praeseute
877 2414 1018 2477 Gnariuo
1045 2413 1226 2477 vicecomite
1256 2413 1294 2476 de

294 2529 427 2592 Dorseta
457 2535 489 2591 et
516 2529 696 2591 Sumerseta
732 2527 824 2609 eujus
854 2525 1024 2590 tenendum
1054 2549 1146 2609 super
1174 2525 1232 2588 hac
1262 2549 1294 2589 re

293 2639 468 2723 specialiter
478 2639 660 2722 injunctum
671 2642 749 2715 erat,
758 2642 791 2700 et
801 2635 972 2699 seeundum
982 2636 1065 2718 regis
1077 2635 1292 2702 definitionem

287 2752 431 2835 juratum
454 2756 510 2813 est.
556 2749 642 2811 Nam
665 2746 821 2812 sexdecim
843 2745 998 2824 homiues,
1014 2754 1078 2810 tres
1094 2747 1240 2811 videlicet
1255 2748 1293 2812 de

294 2860 460 2944 Brideport
474 2865 507 2923 et
521 2867 584 2922 tres
598 2859 637 2921 de
658 2858 830 2922 Bridetona
845 2864 878 2921 et
893 2856 1001 2920 decem
1018 2856 1055 2920 de
1071 2856 1192 2934 vicinia,
1204 2859 1291 2941 jura·

291 2978 407 3036 verunt
429 2992 461 3033 se
476 2992 581 3032 veram
605 2969 845 3031 affirmationem
868 2967 1007 3030 facturos
1030 2966 1069 3030 de
1091 2966 1292 3050 inquisitione

291 3088 382 3146 terrae
397 3080 493 3143 illius.
533 3079 609 3156 Qui,
620 3078 703 3142 facta
718 3077 933 3160 inquisitione,
944 3077 1035 3159 cujus
1051 3077 1166 3140 rectius
1182 3078 1293 3143 debeat

292 3215 358 3258 esse
367 3190 577 3268 affirmabant,
586 3191 681 3272 juxta
692 3189 785 3252 fidem
794 3188 1166 3271 juramenti,proedictam
1175 3195 1291 3253 terram

291 3303 467 3385 antiquitus
497 3301 638 3383 adjacere
666 3300 705 3362 ad
736 3299 950 3364 Bridetonam.
1005 3301 1048 3363 Et
1077 3301 1168 3384 cujus
1197 3300 1292 3364 fuerit

292 3414 474 3490 Bridetona,
503 3413 572 3494 ejus
602 3411 711 3474 debere
740 3418 821 3475 esset
847 3418 880 3474 et
909 3418 991 3474 terra
1021 3411 1085 3476 illa.
1146 3411 1290 3476 Quorum

290 3523 453 3589 assertioni
480 3523 586 3586 cuncti
609 3521 841 3604 adquiescentes
854 3547 863 3598 ;
896 3522 955 3585 Dei
979 3522 1095 3603 gratia,
1120 3522 1290 3606 Sanctiqae

291 3633 445 3718 Stephani
467 3632 597 3709 meritis,
613 3653 669 3693 sua
681 3633 753 3714 jura
768 3633 1038 3715 conquerentibus
1054 3632 1289 3715 adjudicabant,

289 3743 578 3824 restituendamque
604 3749 721 3806 terram
746 3742 833 3807 illam
857 3744 896 3806 ad
923 3743 1139 3820 Bridetonam,
1166 3752 1198 3808 et
1223 3767 1289 3807 mo-

288 3856 398 3922 nachis
422 3855 492 3918 ilico
514 3853 707 3918 tradendum.
754 3854 868 3937 Sieque
890 3855 998 3917 eodem
1018 3854 1068 3917 die
1091 3854 1288 3920 factumest.

288 4020 296 4035 .
321 4019 329 4034 .
353 3967 519 4034 ,Nomina
548 3988 620 4028 vcro
650 3965 775 4027 illorum
804 3965 860 4049 qui
886 3967 1082 4048 juraverunt,
1109 3967 1174 4030 haee
1204 3974 1287 4030 saut.

287 4078 478 4144 Willielmus
494 4076 532 4139 de
545 4077 620 4152 Uer,
634 4074 796 4138 Rana-idus
812 4074 926 4152 Postel‚
940 4076 1082 4139 Rualdus
1097 4076 1136 4140 de
1152 4078 1288 4154 Esterta,

484 4269 490 4300 ¹
512 4273 626 4321 Grauted
639 4276 665 4320 to
678 4273 723 4321 the
734 4274 816 4338 abboy
830 4275 861 4336 by
878 4273 921 4321 tho
933 4273 1090 4335 Conquerar.
