3000 4972
293 522 355 586 104
528 543 662 588 rancun
685 544 1041 592 anano-nouummon.

291 691 371 766 sitis,
409 692 590 778 praecipitur
627 695 761 760 navibus
798 698 939 783 ejusdcm
969 699 1120 765 cellerarii
1150 700 1292 766 debitum

291 800 392 865 eidem
407 802 541 867 ecclesiae
555 826 662 868 coram
677 806 812 872 reddere.
843 810 888 886 Et
902 809 949 873 ita
964 811 1082 874 factum
1098 816 1157 890 est,
1171 811 1294 876 cunctis

292 913 348 996 qui
363 913 492 978 aderant
512 916 656 981 testibus.
702 918 753 981 Ad
768 920 849 984 hanc
871 921 1142 986 disrationtionem
1166 924 1295 987 fuerunt

291 1023 326 1088 hi
363 1033 541 1110 praesentes,
580 1027 733 1092 Ricardus
769 1029 808 1094 de
846 1030 967 1109 Monte,
1000 1041 1076 1097 tunc
1114 1033 1296 1112 vicecomes,

293 1135 454 1200 Waltems
469 1135 717 1219 archidiaconus,
732 1147 764 1204 et
780 1141 875 1205 multi
889 1142 953 1206 alii.

335 1679 462 1760 [Assar
484 1678 642 1743 Fanmrus
664 1701 691 1743 o.
715 1680 873 1743 Annnnnu
897 1700 937 1744 os
961 1681 1003 1745 K.
1026 1701 1094 1746 aun
1117 1682 1252 1747 Roanar

657 1809 697 1855 or
721 1792 758 1855 B.
805 1793 888 1856 1110
899 1793 941 1874 ?]¹

290 1936 357 2002 [The
368 1937 484 2000 plaintiff
496 1939 599 1987 obtains
614 1937 753 2002 judgment
764 1939 792 1986 in
803 1938 895 1988 favour
905 1939 935 1988 os
948 1939 994 1989 tho
1005 1940 1103 1989 ohnroh
1114 1944 1144 1989 at
1155 1940 1294 2004 Abingdon

353 2015 393 2064 sor
401 2016 465 2064 duas
476 2015 586 2064 claimed
598 2015 664 2064 from
676 2015 721 2064 the
732 2016 832 2065 chnmh
843 2021 872 2066 at
883 2017 1015 2081 Kingston
1026 2039 1034 2079 5
1055 2017 1197 2082 jndgment
1215 2019 1295 2082 being

353 2093 432 2155 given
443 2107 460 2140 a
467 2093 563 2153 prime
574 2090 738 2156 amatoribus]

287 2218 447 2282 Eocnnsm
468 2218 506 2282 de
531 2217 732 2302 Kingestona
754 2217 862 2282 subest
884 2219 1054 2302 parochiali
1086 2219 1223 2285 ecclesiae
1256 2222 1294 2286 de

288 2330 425 2407 Unrthe,
449 2334 482 2394 et
503 2328 563 2393 hoc
585 2328 625 2393 ab
647 2328 779 2412 antiquo
800 2330 880 2413 jure.
927 2328 1046 2394 Iccirco
1069 2354 1142 2395 cum
1165 2331 1295 2398 ecclesia

288 2440 358 2524 ipsa
389 2439 427 2504 de
452 2439 656 2524 Kingestuna
689 2439 886 2505 dedicaretur
919 2462 992 2504 cum
1028 2443 1206 2508 coemeterio
1238 2464 1295 2528 per

289 2552 441 2616 domnum
480 2550 684 2615 Osmundum
721 2550 913 2635 episcopum,
951 2552 1014 2615 duo
1053 2576 1094 2617 ex
1132 2554 1294 2619 monachis

289 2661 568 2742 nostris,Alfrious
590 2660 710 2725 scilicet
732 2660 891 2746 quondam
921 2662 1017 2746 prior,
1039 2668 1072 2727 et
1094 2663 1293 2738 Modbertus,

287 2775 353 2840 illic
375 2781 558 2839 caeterorum
579 2772 714 2837 fratrum
730 2772 798 2837 loco
813 2773 999 2852 consistens,
1016 2774 1159 2860 episcopo
1173 2775 1291 2839 calum-

288 2885 369 2950 niati
406 2890 482 2950 sunt
512 2882 757 2948 consuetudines
796 2883 908 2947 matris
952 2884 1099 2965 ecclesiae,
1136 2908 1204 2970 quae
1244 2893 1295 2951 cst

289 2997 374 3082 apud
394 2995 557 3060 Wrtham.
604 2996 676 3059 Quo
698 3000 839 3078 tempore
872 2995 1047 3060 Rainaldus
1079 3002 1210 3081 praerat
1243 3020 1292 3062 ec-

290 3108 391 3173 clesiae
413 3105 536 3170 abbatis
558 3105 722 3190 regimine.
768 3105 882 3189 Itaque
904 3106 1122 3191 hujuscemodi
1144 3107 1293 3191 imposita

291 3216 458 3295 calumnia,
471 3204 591 3300 ¹postea
623 3237 642 3278 a
672 3215 783 3298 primis
814 3216 970 3299 praediotae
1005 3217 1086 3282 villa
1119 3216 1293 3283 senioribus

291 3329 472 3395 consultum
487 3333 545 3401 est,
558 3326 703 3390 videlicet
713 3325 850 3390 Radulfo
862 3327 901 3391 de
912 3328 1062 3413 Bakepuz
1071 3335 1104 3395 et
1116 3329 1292 3408 Adelelmo,

292 3446 447 3528 quatenus
462 3437 626 3503 annuatim
641 3437 777 3501 ecclesiae
792 3437 1009 3503 Abbendoniaa
1030 3440 1070 3504 ad
1086 3441 1293 3505 Pentecosten

292 3552 332 3619 ab
355 3552 399 3616 eis
421 3550 562 3634 utrisque
594 3549 786 3613 donarentur
808 3550 903 3613 XVI.
927 3550 1056 3631 denarii,
1080 3551 1114 3615 id
1143 3558 1202 3631 est,
1224 3553 1293 3616 duae

259 3668 262 3675 '
294 3688 366 3742 orae,
388 3667 421 3726 et
451 3659 492 3724 ad
524 3659 684 3724 ecclesiam
718 3659 756 3723 dc
787 3660 919 3724 Uartha
949 3661 1097 3726 similiter
1118 3684 1137 3725 a
1159 3662 1293 3747 singulis

294 3775 322 3842 Ι.
340 3795 422 3853 acra,
446 3772 473 3835 Ι.
496 3792 621 3856 porcus,
643 3775 677 3835 et
699 3769 725 3834 1.
749 3791 865 3836 caseus.
913 3770 975 3836 Sed
996 3778 1122 3837 mortuo
1146 3773 1294 3852 Radulfo,

295 3908 366 3952 cum
397 3885 463 3968 ejus
494 3882 577 3945 filius
607 3881 767 3947 Henrious
798 3881 859 3946 sibi
890 3882 1079 3964 succederet,
1112 3884 1295 3970 praedictam

294 3995 467 4085 persolvere
497 3993 673 4079 pactionem
708 3992 860 4078 neglexit.
915 3995 1038 4059 Verum
1074 4017 1119 4076 eo,
1154 4002 1295 4081 tempore

296 4134 360 4177 non
382 4108 484 4174 multo
507 4111 587 4192 post,
611 4105 782 4190 improvisa
804 4112 905 4172 morte
927 4105 1051 4172 sublato
1074 4131 1114 4174 ex
1136 4109 1195 4175 hac
1217 4111 1295 4188 vita,

512 4264 520 4296 ¹
538 4270 554 4318 2
566 4269 635 4318 Hist.
648 4268 717 4318 Mon.
732 4269 984 4332 Abingd.120(Rcc.
999 4269 1089 4335 Com).
