3000 4972
247 516 288 579 70
492 537 624 581 anacim
648 500 998 582 inuno-ronnrnnrcn.

245 687 383 770 regalem
414 689 620 773 capellanum,
647 688 855 753 Willielmum
886 689 1034 774 Capram,
1066 688 1244 753 Hardinum

246 798 392 862 Belnoldi
408 799 521 878 filium,
536 800 577 863 ad
591 799 814 884 investiganda
829 799 948 884 regalia
962 799 1085 884 placita
1120 799 1246 865 Quibus

245 908 280 973 in
304 910 429 993 placitis
453 911 660 995 calumpniati
684 918 759 975 sunt
781 911 907 975 cuidam
931 910 1087 975 mansioni
1110 910 1246 975 abbacias

245 1022 417 1101 Taviensis,
433 1022 570 1101 nomine,
586 1021 795 1086 Wlurintune
804 1049 814 1101 ς
837 1022 976 1088 dicentes
995 1029 1027 1087 et
1053 1024 1246 1087 affirmantes

244 1132 332 1197 illam
349 1132 542 1198 mansionem
552 1132 669 1216 injuste
680 1133 816 1198 attinere
828 1133 1089 1218 Tavystochiensi
1100 1132 1246 1213 abbacias,

246 1247 294 1308 set
318 1242 425 1327 potius
449 1242 536 1306 illam
563 1242 663 1326 regali
681 1242 822 1307 dominio
842 1266 964 1328 semper
984 1252 1068 1310 recte
1090 1244 1244 1308 insistere.

245 1353 350 1419 Dictis
365 1376 499 1439 quorum
515 1360 549 1418 et
563 1353 751 1439 calumpniis
773 1378 831 1419 nos
853 1356 1047 1440 abnegantes
1062 1355 1244 1440 comproba·

244 1467 361 1547 vimus,
377 1467 575 1531 mansionem
599 1466 686 1530 illam
712 1466 921 1551 plurimorum
945 1469 1133 1533 auctoritate
1157 1483 1245 1532 ante·

245 1602 403 1645 cessorum
423 1583 603 1642 nostrorum
623 1579 884 1663 Tavystochiensi
899 1580 1032 1644 abbatiae
1047 1581 1164 1664 absque
1181 1579 1247 1643 ulla

244 1689 427 1775 calumpnia
442 1688 595 1772 perhenni
608 1689 681 1770 jure
695 1689 863 1772 pertinere.
909 1691 982 1756 Qua
1004 1691 1042 1756 (19
1068 1713 1160 1755 causa
1182 1712 1247 1753 una

245 1826 318 1868 cum
330 1801 488 1886 regalibus
498 1800 686 1884 supradictis
697 1800 936 1885 placitatoribus
945 1826 1051 1887 regem
1065 1803 1246 1887 Anglorum

244 1912 467 1998 requisivimus
496 1910 646 1994 quatinus
676 1911 764 1975 illam
798 1913 993 1978 mansionem
1031 1913 1245 1998 supradictam

243 2047 301 2109 pro
330 2024 391 2088 Dei
421 2046 525 2087 amore
554 2028 587 2087 et
619 2025 742 2087 Sanctae
771 2024 894 2104 Mariae,
924 2025 1069 2090 Taviensi
1101 2026 1244 2108 abbatiae,
1268 2051 1272 2063 ·

245 2136 361 2220 absque
369 2134 435 2198 ulla
446 2133 624 2216 calumpnia
634 2135 785 2218 perhenni
793 2136 875 2221 jure,
887 2137 1068 2202 concederet
1076 2123 1252 2221 subjacere.¹

247 2247 372 2314 Quibus
387 2244 512 2328 quidem
532 2244 649 2309 auditis
665 2251 697 2309 et
710 2247 862 2311 enarratis
877 2253 952 2312 ante
966 2271 1083 2331 regem,
1099 2249 1166 2332 ipse
1192 2272 1247 2314 rex

244 2356 392 2444 petitioni
416 2361 530 2419 nostra
556 2355 770 2438 adquiescens,
793 2380 851 2441 pro
877 2358 984 2421 anima
1009 2360 1108 2443 patris
1135 2360 1184 2423 sui
1213 2365 1246 2425 et

245 2467 358 2534 matris
382 2490 455 2544 suae,
479 2466 613 2530 abbatias
638 2466 699 2531 Dei
722 2473 753 2531 et
778 2469 901 2532 Sanctae
926 2469 1038 2533 Mariae
1061 2470 1246 2553 Tavyiensis

243 2581 380 2648 eoelesiae
403 2579 492 2643 illam
517 2577 722 2653 mansionem,
738 2577 885 2644 videlicet
908 2579 1115 2646 Wlurintune
1140 2581 1245 2666 inper-

244 2700 339 2781 petuo
354 2691 523 2757 restituens
539 2688 573 2753 in
588 2690 653 2753 haec
669 2688 764 2753 verba
778 2690 955 2773 respondit:

288 2808 359 2890 Ego
390 2802 592 2868 Guillielmus
628 2825 683 2866 rex
712 2800 892 2885 Anglorum
923 2803 1064 2867 Osberno
1101 2803 1244 2887 episcopo

244 2918 377 2984 salutem
405 2920 438 2979 et
455 2911 638 2978 Guillielmo
664 2912 729 2975 filio
746 2912 930 2997 Baldewyni
957 2920 989 2977 et
1006 2914 1147 2978 Guarino
1163 2914 1244 2979 vice-

245 3029 353 3097 comiti
369 3028 408 3091 de
424 3025 584 3090 Comubia
599 3031 632 3089 et
646 3024 792 3087 omnibus
808 3023 952 3088 fidelibus
974 3024 1053 3088 meis
1070 3025 1197 3089 Francis
1213 3032 1246 3090 et

245 3140 362 3224 Anglis
376 3139 414 3202 de
429 3135 623 3201 Devenasira
637 3142 669 3199 et
686 3134 856 3198 Comubia.
903 3135 1019 3199 Sciatis
1045 3158 1096 3199 me
1121 3136 1244 3201 dedisse

244 3253 314 3316 Deo
329 3256 362 3314 et
378 3249 501 3311 Sanctae
517 3244 629 3309 Maria
644 3249 676 3308 et
690 3243 825 3308 eeclesia
840 3244 878 3308 (19
894 3244 1054 3327 'Pavystolr
1066 3268 1123 3329 pro
1139 3246 1245 3312 anima

243 3360 344 3447 patris
368 3357 430 3422 mei
454 3361 487 3421 et
513 3354 625 3418 matris
651 3377 727 3417 meae
753 3354 912 3438 ipsiusque
938 3353 1000 3417 mei
1015 3355 1190 3420 manerium
1206 3358 1244 3423 de

243 3471 464 3546 Wlurintuna,
478 3473 511 3530 et
534 3472 572 3529 ut
594 3466 673 3530 bene
697 3464 777 3527 illud
802 3472 834 3529 et
860 3464 1028 3529 honorifice
1051 3466 1084 3529 in
1100 3469 1244 3532 omnibus

161 3632 164 3637 ψ
244 3580 447 3650 Guimundus
463 3599 713 3661 successoresque
728 3576 777 3640 sui
797 3575 925 3640 abbates
945 3577 1111 3642 constituti
1130 3579 1244 3644 indesi-

243 3700 355 3761 nenter
370 3692 522 3755 haetenus
537 3687 728 3772 possideant.
775 3687 846 3752 Hoc
861 3687 995 3770 denique
1014 3689 1116 3754 sciant
1136 3714 1244 3755 omnes

242 3802 325 3889 quod
340 3825 395 3866 rex
409 3823 464 3885 per
478 3799 640 3864 cultellum
655 3798 828 3864 eburneum
848 3801 933 3883 quod
958 3800 993 3863 in
1017 3823 1114 3866 manu
1139 3803 1243 3868 tenuit

242 3920 274 3979 et
304 3911 412 3976 abbati
440 3910 580 3995 porrexit
608 3910 666 3973 hoc
696 3909 815 3972 donum
845 3910 970 3994 peregit
998 3912 1084 3995 apud
1113 3913 1243 3991 curiam,

242 4022 423 4089 testimonio
440 4021 577 4086 virorum
592 4019 718 4083 illorum
742 4018 870 4083 nomina
890 4044 1022 4104 quorum
1046 4021 1245 4108 infrascripta

243 4137 457 4200 dinoscuntur.
502 4134 573 4217 Ego
594 4131 812 4196 Walchalinus
827 4133 1068 4217 Wyntoniensis
1083 4135 1244 4221 episcqpus

241 4245 312 4311 dedi
327 4243 557 4310 testimonium.
604 4244 675 4327 Ego
691 4242 851 4307 lohannes
868 4244 1068 4310 Batoniensis
1083 4246 1245 4333 episcopus
