3000 4972
667 582 775 628 unum
799 582 836 628 11.
1199 567 1262 630 2523

411 733 539 817 [Annon
561 754 626 797 nun
650 735 773 799 Momm
795 754 835 799 oe
857 735 1119 820 Gnoucesrnn.]¹

287 865 353 930 [The
364 867 451 931 king’e
462 868 522 917 writ
533 868 663 929 directing
674 874 778 932 respect
791 869 833 919 for
840 871 886 919 the
897 869 1013 920 liberties
1025 869 1053 918 oi
1065 869 1237 937 Glaucester]

257 969 1257 1058 HmuuousfrexAngliae,etduxNormanniaeetAquitanuiae,
1364 1048 1368 1055 ,

253 1087 285 1144 et
305 1104 408 1145 comes
434 1081 638 1165 Andegaviae,
654 1083 800 1147 omnibus
821 1083 1033 1167 burgensibus
1051 1089 1084 1149 et
1107 1086 1259 1151 ministris

253 1190 317 1254 suis
350 1191 564 1270 Gloucestriae,
595 1192 739 1258 salutem.
800 1193 950 1277 Praecipio
980 1194 1064 1278 quod
1100 1196 1197 1260 abbas
1227 1205 1259 1262 et

253 1302 399 1367 monachi
417 1303 620 1367 Gloucestriae
642 1303 779 1367 habeant
794 1302 875 1368 infra
891 1304 1028 1388 burgum
1045 1305 1259 1388 Glaucesiriae,

252 1420 286 1478 et
312 1420 412 1492 extra,
428 1436 535 1477 omnes
559 1413 729 1490 libertates,
755 1420 788 1477 et
811 1412 923 1477 liberas
950 1416 1201 1497 consuetudines,
1225 1425 1258 1483 et

252 1525 444 1608 quictantias
460 1547 543 1605 suns,
558 1524 603 1588 ita
619 1525 697 1588 bene
711 1529 744 1588 et
760 1524 792 1587 in
809 1547 894 1608 paee,
910 1533 943 1590 et
965 1524 1059 1591 libere
1075 1533 1107 1592 et
1123 1527 1257 1611 integre,

251 1643 284 1702 et
295 1639 392 1721 juste,
408 1637 490 1701 sicut
505 1659 557 1701 eas
572 1659 710 1720 unquam
734 1636 845 1701 melius
862 1644 895 1702 et
910 1637 1037 1701 liberius
1053 1644 1086 1702 et
1101 1638 1257 1723 integrius

251 1748 429 1812 habuerunt
451 1755 592 1832 tempore
616 1747 700 1832 regis
727 1748 858 1812 Henrici
884 1749 936 1813 avi
961 1749 1031 1814 mei.
1079 1750 1257 1815 Quodnisi

251 1859 396 1939 leocritia,
412 1858 537 1943 justitia
558 1882 628 1922 mea
646 1858 741 1922 faciat
762 1858 838 1924 fieri.
862 1860 953 1925 Teste
968 1860 1116 1925 Mansero
1133 1862 1255 1943 Bisetb,

250 1969 409 2054 dapifero;
432 1970 513 2054 apud
530 1969 710 2034 Fufeeham.

403 2336 530 2420 [Aeeor
551 2356 619 2400 nun
641 2336 764 2401 Mones
787 2355 826 2401 os
849 2336 1109 2422 Gnoocnsren.]³

250 2469 317 2533 [l'he
334 2471 421 2535 king's
440 2473 501 2521 writ
520 2472 649 2534 direoiing
668 2471 814 2534 protection
834 2472 864 2519 oi
879 2472 924 2521 the
943 2473 1023 2521 ebbot
1045 2472 1096 2520 nnd
1114 2473 1207 2522 monks
1226 2471 1257 2520 of

465 2549 618 2597 Glouceeter
629 2549 655 2595 in
667 2549 713 2598 the
724 2563 771 2598 use
782 2548 812 2596 of
820 2564 837 2597 a
847 2548 1041 2613 wetemourse]

251 2649 436 2728 Hermione,
451 2671 504 2713 rex
520 2648 657 2731 Angliae,
681 2653 714 2712 et
739 2649 804 2712 dux
829 2650 1036 2715 Normanniae
1059 2657 1092 2714 ot
1117 2652 1252 2734 Aquita·

249 2760 319 2837 niae,
335 2766 368 2825 et
382 2782 485 2824 eomes
500 2759 703 2842 Andegaviae,
719 2759 957 2824 vicecomitibus
971 2769 1004 2826 et
1020 2761 1204 2846 praepositiS,
1220 2769 1253 2827 et

247 2871 384 2948 ballivis,
399 2877 432 2935 et
446 2869 628 2933 hominibus
642 2870 681 2935 de
698 2870 904 2950 Gloucestria,
920 2871 1063 2936 salutem.
1102 2873 1252 2957 Praecipio

247 2982 330 3066 quod
341 2981 438 3046 abbas
452 2987 486 3045 et
498 2981 645 3062 monachi
660 2982 699 3045 de
716 2982 911 3046 Gloucestrie
922 2982 1061 3048 habeant
1075 2991 1107 3048 et
1121 2991 1251 3051 teneant

246 3115 360 3176 aquam
376 3114 443 3176 quae
458 3091 557 3156 currit
572 3114 627 3176 per
641 3091 800 3156 abbatiam
816 3115 916 3172 suam,
928 3094 1007 3158 bene
1021 3099 1054 3158 et
1068 3093 1100 3157 in
1117 3117 1201 3178 pace,
1217 3104 1250 3161 et

245 3205 332 3288 juste
347 3210 381 3268 et
396 3203 531 3287 integre,
544 3202 628 3267 sicut
642 3203 823 3267 habuerunt
837 3204 949 3268 melius
963 3211 1103 3289 tempore
1118 3206 1249 3271 Henriei

246 3315 341 3399 regis,
357 3315 409 3378 avi
425 3314 497 3378 mei.
543 3315 587 3378 Et
611 3312 759 3398 prohibeo
786 3336 825 3378 ne
848 3315 919 3398 quis
941 3315 1099 3381 disturbet
1123 3339 1249 3381 cursum

246 3427 330 3490 illius
345 3449 443 3511 aquae,
458 3425 579 3490 desicut
595 3425 655 3490 ivit
675 3431 815 3509 tempore
832 3426 963 3491 Henrioi
989 3426 1083 3510 regis,
1099 3428 1150 3492 avi
1177 3429 1249 3509 mei,

245 3560 338 3621 super
352 3538 393 3602 X.
409 3537 498 3601 libris
513 3536 724 3601 forisfacturae.
769 3537 871 3603 Teste.
923 3537 990 3621 [No
1006 3539 1122 3621 name]

279 3662 316 3727 [A
326 3664 387 3713 writ
398 3668 427 3713 to
438 3665 484 3714 the
495 3680 567 3714 seme
578 3664 656 3713 effeci
664 3663 763 3713 follows
773 3665 807 3728 by
816 3664 880 3727 king
889 3664 1012 3727 Stephon.
1045 3665 1100 3713 The
1108 3665 1248 3730 following,

246 3740 302 3790 also
313 3741 348 3803 by
361 3741 452 3804 Henry
464 3742 509 3799 11,
522 3756 606 3791 seems
618 3746 646 3789 to
657 3741 740 3790 relate
751 3745 780 3789 to
791 3742 837 3790 the
844 3757 916 3790 neme
928 3747 1102 3791 weteroourse
1112 3741 1165 3806 :—]

290 3841 463 3905 Henrieus⁴
478 3863 531 3904 rex
549 3839 676 3923 Angliae
700 3845 733 3904 ot
758 3840 823 3904 dux
839 3842 1045 3905 Normanniae
1059 3848 1093 3906 et
1113 3843 1246 3925 Aquita·

277 3980 285 4010 ¹
303 3978 318 4025 1
330 3976 424 4026 chron.
436 3976 506 4024 Mon.
520 3975 609 4024 Glouc.
621 3975 670 4024 154
682 3976 757 4039 (Reo.
769 3975 861 4039 Com).

278 4058 287 4085 ²
305 4054 484 4103 illumination
495 4052 525 4101 os
532 4053 618 4101 initinl
630 4054 716 4111 letter,
728 4053 908 4115 representing
920 4053 965 4102 the
976 4053 1040 4116 king
1048 4068 1082 4101 on
1093 4053 1133 4102 his
1145 4053 1245 4114 throne,

243 4130 322 4179 anain
336 4131 414 4179 monk
432 4129 553 4189 kneeling
564 4127 652 4179 before
670 4128 723 4175 him
744 4128 797 4177 end
813 4129 944 4191 receiving
962 4129 1008 4178 the
1027 4129 1096 4178 writ.
1131 4129 1198 4178 Note
1211 4131 1246 4193 by

242 4208 368 4258 editores
376 4207 449 4256 Rolls
457 4207 496 4255 ed.

276 4279 288 4311 ³
307 4289 320 4334 l
333 4285 426 4335 chron.
439 4284 508 4332 Mon.
521 4282 612 4331 Glouc.
626 4283 674 4330 154
687 4280 761 4344 (lieo.
774 4281 868 4346 Com).
1065 4281 1076 4315 ⁴
1096 4283 1134 4331 Ib.
1147 4284 1202 4333 155.
