3000 4972
307 532 349 594 38
557 547 688 592 emeras
711 544 1064 592 =arrono-rrornraauum.

309 701 430 786 derogo
441 698 580 766 tenebat.
608 699 656 764 De
668 699 755 763 exitu
765 721 853 784 aquoe
863 698 917 761 uhi
927 720 1023 761 naves
1035 695 1245 781 applicabant,
1255 718 1310 759 rex

308 811 445 875 habebat
461 812 509 875 II.
525 816 640 895 partes,
657 810 831 874 Godwinus
846 831 949 873 comes
964 809 1104 872 terciam.
1139 809 1310 872 Testantur

309 921 536 986 vcrohomines
547 921 585 985 de
594 920 755 985 hundredo
766 919 881 984 Franci
892 925 925 983 et
934 919 1044 1002 Angli,
1054 919 1137 1003 quod
1147 918 1310 1003 episcopus

309 1031 490 1096 Baioeensis
500 1030 601 1115 [Odo]
611 1053 684 1094 cum
692 1029 1040 1094 Rannulfovioecomite
1049 1029 1086 1093 de
1098 1030 1147 1092 his
1155 1029 1308 1113 placitum

308 1140 427 1220 inierit,
438 1140 492 1204 sed
507 1140 560 1204 ille
576 1140 758 1224 intelligens
773 1140 924 1225 placitum
941 1162 1004 1203 non
1020 1139 1092 1203 duci
1108 1162 1163 1223 por
1178 1139 1308 1203 rectitu-

309 1251 415 1314 dinem
430 1251 470 1314 ad
485 1251 656 1334 proficuum
673 1250 767 1333 regis,
779 1250 931 1334 placitum
948 1250 1092 1315 deseruit.
1135 1249 1309 1333 Episcopus

308 1368 416 1425 autem
446 1362 532 1425 dedit
561 1361 731 1425 aecclesiam
760 1368 792 1425 et
818 1361 949 1424 fluctum
979 1361 1117 1444 primum
1144 1359 1308 1440 Adeloldo,

308 1456 420 1557 deiude
436 1471 574 1536 Radulfo
589 1471 645 1555 pro
660 1471 821 1535 excambio
843 1471 938 1534 unius
960 1471 1081 1534 domus.
1126 1471 1309 1537 Vicecomes

308 1601 433 1664 quoque
449 1585 546 1664 negat
564 1602 597 1643 se
616 1585 798 1664 preceptum
814 1580 865 1643 vel
892 1579 1033 1663 sigillum
1050 1579 1134 1663 regis
1150 1578 1261 1643 dehac
1276 1602 1309 1643 rc

308 1713 448 1774 unquam
474 1691 656 1774 percepisse.
704 1690 858 1754 Homines
884 1690 921 1754 de
950 1689 1131 1753 Suduuerca
1150 1696 1309 1753 testantur

308 1800 391 1885 quod
406 1806 547 1882 ternpore
561 1799 646 1882 regis
661 1800 811 1863 Edwardi
826 1800 931 1864 nullus
958 1801 1101 1884 capiebat
1126 1800 1308 1865 theloneum

307 1909 343 1974 in
366 1909 494 1973 strande
516 1909 566 1972 vel
590 1909 624 1972 in
644 1909 713 1973 vico
734 1931 831 1993 aqum,
847 1909 909 1973 nisi
933 1932 996 1974 rex.
1041 1911 1086 1973 Et
1101 1909 1199 1992 siquis
1219 1910 1307 1974 foris·

308 2019 425 2083 faciens
455 2018 499 2081 ibi
529 2019 761 2102 calumpniatur
790 2020 912 2099 l'uisset,
935 2020 1004 2104 regi
1029 2020 1226 2084 emendabat.
1274 2021 1309 2084 Si

307 2152 381 2195 vero
397 2151 460 2193 non
475 2129 707 2213 calumpniatus
721 2130 837 2194 abisset
851 2131 909 2194 sub
925 2132 1023 2214 coqui
1039 2154 1140 2194 sacam
1157 2137 1190 2195 et
1205 2153 1308 2195 socam

308 2238 479 2318 habuisset,
495 2238 548 2302 illc
563 2239 812 2304 emendationem
828 2240 944 2305 habet.¹

363 2726 490 2806 [Lanos
512 2747 552 2791 or
577 2729 679 2791 Huou
703 2748 744 2791 aa
767 2730 864 2793 Poar.
910 2730 1019 2793 Paoor
1042 2751 1081 2793 ar
1105 2731 1199 2793 Oaru
1222 2750 1265 2793 oa

647 2840 784 2903 Ouarar
804 2842 971 2923 crannum]

352 2997 453 3060 Istam
482 3003 599 3063 terram
629 3000 842 3064 calumniatur
871 3000 1053 3064 Willclmus
1090 3000 1129 3065 de
1159 3002 1308 3078 Cheruet,

308 3105 414 3170 dicens
439 3109 594 3190 pertinere
627 3109 665 3172 ad
701 3111 875 3174 manerium
899 3111 938 3175 de
964 3110 1149 3175 Ceredcford
1178 3112 1307 3176 feudum

310 3216 459 3299 Hugonis
474 3218 512 3282 de
528 3219 615 3297 Port,
631 3242 686 3302 per
700 3220 907 3284 hereditatem
923 3219 973 3282 sui
996 3221 1208 3300 antecessoris,
1223 3223 1308 3286 etde

308 3325 367 3390 hoc
383 3349 474 3390 suum
490 3330 708 3395 testimonium
724 3330 856 3394 adduxit
871 3330 909 3395 de
924 3331 1105 3395 melioribus
1120 3339 1153 3396 et
1167 3335 1308 3418 antiquis

308 3436 487 3502 hominibus
504 3440 603 3504 totius
617 3441 787 3505 comitatus
802 3447 834 3505 ct
849 3441 1014 3519 hundredi,
1031 3449 1063 3506 ct
1079 3442 1170 3507 Picot
1184 3453 1307 3510 contra-

306 3546 400 3611 duxit
419 3570 511 3613 suum
534 3551 754 3615 testimonium
773 3552 813 3616 de
835 3551 962 3616 villanis
985 3559 1018 3616 et
1032 3552 1089 3616 vili
1104 3554 1193 3638 plebe
1215 3562 1248 3620 et
1269 3559 1307 3623 dc

306 3659 490 3742 praepositis
514 3661 571 3745 qui
594 3662 709 3726 volunt
733 3661 898 3727 defendere
924 3685 978 3747 per
1004 3672 1234 3730 sacramentum
1250 3676 1307 3734 aut

306 3789 361 3851 per
376 3768 437 3834 Dei
451 3770 617 3853 judicium,
631 3772 714 3856 quod
729 3771 782 3837 ille
797 3771 852 3856 qui
866 3772 972 3836 tenuit
985 3778 1101 3837 terram
1117 3775 1196 3840 liber
1214 3777 1307 3845 homo

307 3876 371 3942 suit
386 3885 419 3944 ct
433 3881 538 3965 potuit
560 3883 604 3946 ire
626 3904 698 3947 cum
722 3889 805 3947 terra
828 3905 884 3947 sua
899 3905 960 3968 quo
973 3884 1085 3948 voluit.
1134 3887 1194 3952 Sed
1210 3896 1307 3954 testes

306 3988 461 4055 Willelmi
476 3992 591 4057 nolunt
605 3993 742 4077 accipere
757 3993 858 4077 legem
875 3993 937 4057 nisi
951 3993 1035 4079 regis
1049 3995 1196 4063 Edwardi
1211 4023 1308 4086 usque

306 4099 383 4165 dum
398 4102 782 4190 diffiniatu1·perregem.²

470 4264 478 4296 ¹
496 4265 511 4313 l
523 4265 677 4329 Doomsday,
689 4267 728 4314 32.
998 4268 1009 4302 ¹
1026 4268 1066 4317 Ib.
1077 4269 1111 4317 44
1121 4271 1145 4318 b.
