3272 5112
366 628 430 688 304
787 649 959 692 urrunnun.

435 797 474 868 [A
493 813 618 853 caurum
638 799 793 856 Fruamur.
831 799 930 855 Pnoor
949 815 987 854 au
1005 798 1125 855 Ornann
1144 802 1302 872 ornanum]

401 914 495 968 Unum
508 933 539 969 ex
552 913 605 968 illie
617 917 717 985 septem
727 913 843 984 [liberie]
855 913 887 969 de
897 913 1028 969 Taeeburu
1039 913 1238 985 calumpniatur
1250 915 1374 980 Hermer,

365 1002 516 1073 etquidem
532 1002 662 1073 Anglieur
680 1021 746 1057 auur
765 1003 844 1056 homo
856 1021 887 1056 ex
900 1002 949 1057 hoe
967 1001 1045 1057 offert
1058 1001 1200 1073 judicium,
1218 1001 1288 1075 quod
1307 1021 1373 1056 suus

367 1093 516 1144 antecessor
533 1094 590 1144 erut
611 1108 642 1143 ax
662 1107 692 1144 eo
711 1088 820 1144 saisitus
838 1089 882 1144 die
900 1107 953 1158 qua
970 1107 1015 1142 rex
1029 1089 1176 1144 Edwardus
1189 1089 1266 1144 vivus
1279 1089 1332 1144 fuit
1344 1093 1374 1142 et

366 1182 497 1240 mortuus,
511 1180 538 1231 et
556 1176 604 1230 hoc
620 1176 777 1231 contradicit
793 1180 867 1231 totus
879 1175 1001 1230 hundred
1014 1175 1056 1230 vel
1074 1175 1142 1230 bello
1155 1175 1195 1230 vel
1210 1176 1321 1248 judicio,
1340 1195 1372 1230 ex

365 1264 414 1319 hoc
427 1264 499 1319 dedit
512 1263 557 1319 ille
569 1263 700 1334 Anglicua
714 1263 816 1317 vadem.
853 1261 893 1316 Ib.
909 1263 967 1317 190.

363 1531 462 1601 [Lina
480 1550 517 1588 or
529 1533 670 1588 Wmunnr
690 1549 727 1588 nu
740 1533 767 1587 S.
804 1533 870 1588 'Pur
889 1533 973 1588 Krue
986 1549 1128 1589 voucuun
1145 1550 1181 1589 ro
1194 1533 1368 1604 waharna]

400 1645 476 1700 Hanc
489 1651 586 1701 terram
598 1646 639 1715 [in
654 1643 863 1708 Euleuuartuna]
879 1645 967 1700 tenuit
987 1645 1120 1709 Rufridus‚
1134 1651 1161 1700 et
1173 1665 1259 1700 cumea
1272 1645 1370 1701 Radul·

362 1729 408 1786 fua
420 1732 598 1787 derationavit
615 1732 763 1796 dimidiam,
776 1737 803 1786 et
820 1732 908 1786 tenuit
927 1751 957 1786 ea
975 1732 1018 1786 die
1036 1752 1089 1802 qua
1107 1731 1246 1786 forisfecit.
1285 1732 1366 1788 Modo

362 1838 419 1873 earn
432 1824 506 1874 tenet
519 1820 617 1874 Uroiua
630 1820 709 1873 homo
728 1818 833 1873 Rufridi
850 1818 883 1872 ad
902 1818 1012 1873 seudum
1024 1818 1153 1874 willelmi
1172 1819 1204 1874 de
1223 1819 1330 1875 Scohieu
1342 1824 1369 1875 et

362 1911 467 1961 revocat
478 1925 566 1978 regern
578 1907 610 1961 ad
623 1911 748 1962 tutorem.
786 1903 827 1960 lb.
838 1907 889 1959 221
900 1904 926 1960 b.

655 2159 773 2228 [Roauu
791 2160 884 2214 B1aor
902 2179 925 2216 v.
946 2159 1071 2229 linurin]

395 2270 475 2324 Hanc
494 2275 592 2324 terram
616 2274 690 2325 tenet
709 2271 843 2326 Radulfus
868 2271 897 2326 in
916 2271 1061 2326 Neketuna
1082 2271 1128 2326 aed
1152 2290 1205 2325 non
1226 2270 1314 2341 jacuit
1337 2269 1365 2324 iu

359 2357 504 2412 Nehetuua
515 2361 633 2428 tempore
645 2358 716 2428 regia
734 2358 862 2412 Edwardi
881 2377 928 2412 nee
942 2362 1059 2429 ternpore
1073 2358 1193 2422 Heroldi,
1206 2363 1233 2412 et
1247 2357 1365 2427 Rogema

357 2445 441 2516 Bigot
453 2463 511 2500 eam
524 2447 630 2498 revocat
642 2444 674 2499 de
685 2445 754 2499 dono
767 2445 847 2516 regis,
859 2449 886 2500 et
898 2449 1005 2500 revocat
1017 2445 1195 2500 liberatorem.
1233 2444 1275 2499 Ih.
1288 2445 1352 2498 236.

611 2694 728 2766 [Riuru
742 2710 780 2750 ua
792 2693 840 2749 W.
853 2712 879 2747 v.
892 2692 989 2747 Boura
1003 2707 1041 2746 na
1054 2689 1117 2759 W.]

394 2810 443 2865 Hii
465 2810 581 2879 [XIIII.
607 2809 683 2864 liberi
707 2807 841 2876 homines]
861 2805 972 2860 fuerunt
1001 2801 1181 2858 eommendati
1207 2802 1365 2858 antecessori

358 2897 464 2952 Radulti
477 2898 510 2953 de
522 2899 609 2962 Weer,
626 2900 686 2968 poet
706 2893 812 2951 liberati
831 2897 896 2948 aunt
916 2891 1004 2945 Bodin
1023 2890 1056 2944 de
1075 2890 1179 2944 Uerax
1198 2893 1272 2959 parte
1285 2889 1364 2959 regie.

358 2984 454 3040 Postea
466 2984 644 3040 derationavit
656 3003 699 3038 eoa
712 2983 746 3037 ad
765 2999 843 3036 suum
862 2979 981 3042 feudum,
995 2976 1133 3040 liudulfus,
1147 2979 1174 3030 et
1187 2995 1269 3047 quum
1288 2976 1364 3030 foria·

356 3071 419 3127 seuit
433 3071 540 3126 tenebat
560 3091 612 3137 eos,
626 3071 749 3126 Herueua
770 3069 802 3123 de
815 3067 872 3121 Uer
893 3066 925 3120 de
947 3064 1000 3120 iilo.
1040 3063 1099 3118 Hoc
1112 3066 1225 3118 testatur
1238 3061 1363 3117 hundret.

357 3159 398 3217 Ib.
414 3160 476 3214 242.

606 3385 757 3452 [Burnum
769 3401 793 3436 v.
807 3382 935 3443 Roriam,
948 3377 1008 3432 Son
1022 3393 1059 3432 or
1071 3375 1115 3446 0.]

394 3496 548 3560 Rothertua,
580 3495 649 3550 filius
678 3493 849 3550 Oorhutionie
880 3489 1078 3560 calumpniatur
1108 3487 1177 3541 hanc
1201 3489 1300 3540 terram
1320 3485 1362 3554 [iu

357 3581 540 3652 Suutagravaj,
559 3600 590 3635 ex
607 3579 762 3635 liberatione
781 3577 826 3632 sed
845 3575 996 3631 Bainnrdua
1013 3575 1128 3646 primum
1142 3573 1195 3628 suit
1206 3572 1323 3636 ¹nutritur,
1335 3575 1363 3626 et

355 3671 416 3741 post
428 3665 571 3722 Rothertue
584 3671 611 3722 et
623 3665 744 3720 hundred
757 3665 840 3719 nescit
853 3662 993 3735 quomodo.
1031 3661 1072 3716 Ih.
1086 3662 1138 3716 253
1149 3661 1174 3715 b.

647 3927 819 3996 [Srruurrou
838 3939 875 3977 or
894 3921 1066 3991 Paeanem]

390 4043 432 4099 De
444 4041 503 4097 istie
516 4039 625 4110 [XVII.
635 4038 726 4094 liberie
734 4035 901 4105 hominibus]
912 4033 1109 4103 calumpniatur
1119 4032 1143 4087 I.
1151 4031 1268 4086 serviens
1281 4030 1360 4101 regia,

355 4132 388 4188 ad
400 4129 512 4186 feudum
523 4126 628 4182 Radulh
641 4124 755 4189 comitia,
765 4123 851 4177 XIII.
861 4125 888 4176 et
901 4120 1050 4184 dimidium,
1060 4137 1126 4190 quoa
1136 4117 1243 4174 tenebat
1255 4117 1361 4188 quaudo

355 4239 382 4273 se
401 4216 527 4272 forisfecit
545 4231 718 4287 quocumque,
727 4210 830 4282 judicio
844 4208 980 4280 judieutua
992 4209 1020 4260 et
1040 4205 1090 4259 hoc
1102 4203 1223 4259 hundred
1235 4207 1360 4267 testatur,

355 4311 380 4361 et
395 4308 487 4360 tenent
500 4300 699 4356 LXXX.aeras
719 4304 795 4360 terre,
821 4299 849 4350 et
873 4294 913 4348 II.
939 4311 1011 4348 acras
1035 4291 1114 4363 prati,
1139 4295 1167 4346 et
1187 4290 1309 4354 reddunt,
1331 4289 1359 4343 in

353 4391 491 4461 Snuringa,
505 4388 598 4443 XVII.
611 4387 716 4450 solidos,
729 4389 755 4440 et
764 4382 836 4438 IIII.
850 4381 875 4436 d.
913 4380 954 4434 Ih.
967 4379 1027 4434 258.
