3000 4972
683 575 834 622 ameum.
1198 563 1259 627 155

258 720 419 787 ecclesiam
449 723 488 790 de
518 725 701 810 Langeleia,
726 750 800 793 cum
823 729 1016 811 hominibus,
1041 738 1074 797 et
1096 734 1200 815 terris,
1227 740 1260 801 ct

256 831 396 913 decimis,
411 840 444 899 et
461 858 534 900 cum
549 838 695 903 omnibus
709 840 749 903 ad
764 840 908 905 ecclesias
924 842 1000 906 istas
1013 844 1258 927 pertinentibus.

257 943 326 1007 Has
341 945 442 1028 igitur
455 948 598 1012 ecclesias
610 951 680 1015 volo
689 958 722 1015 et
731 952 877 1036 praecipio
886 959 924 1016 ut
935 953 1024 1032 bene,
1036 961 1068 1019 et
1079 954 1258 1034 honorifice,

255 1060 288 1118 et
301 1054 407 1136 libere,
422 1065 456 1122 et
470 1059 574 1143 quiete
588 1068 729 1141 teneant,
744 1063 791 1127 ita
805 1063 889 1146 quod
903 1065 1011 1128 nullus
1036 1065 1082 1129 eis
1105 1067 1257 1151 injuriam

254 1187 354 1251 neque
393 1171 616 1234 contumeliam
652 1172 757 1236 faciat.
813 1176 906 1239 Teste
937 1176 1099 1260 Stephano
1128 1178 1168 1243 de
1194 1179 1254 1244 Ca·

254 1277 342 1356 meis,
358 1282 430 1342 etc.¹

285 1405 310 1453 A
321 1407 501 1457 oenfirmation
518 1409 554 1472 by
564 1409 610 1458 the
629 1409 694 1473 king
711 1411 734 1459 is
751 1411 807 1459 also
823 1411 910 1474 given,
922 1413 950 1460 in
966 1415 1013 1463 the
1033 1430 1105 1466 same
1116 1417 1254 1483 langnege,

253 1483 448 1550 substantially,
460 1502 489 1535 as
501 1487 560 1536 that
572 1488 607 1551 by
619 1488 710 1552 Hemy
722 1489 754 1550 I.,
766 1505 854 1550 capra.

257 2103 394 2186 [Monns
420 2125 459 2169 oa
483 2108 671 2171 Bassnnncn
699 2126 766 2170 nno
796 2102 1100 2186 P1oor,Cnmm1u
1129 2126 1168 2169 on
1199 2106 1252 2172 Sr.

564 2220 735 2283 Guuunar.
780 2219 906 2302 1146.]²

251 2351 364 2417 [Rcoord
375 2353 405 2403 of
417 2369 433 2402 a
445 2353 585 2418 judgment
604 2357 760 2419 concaming
778 2371 795 2404 a
810 2357 909 2406 certain
921 2355 1020 2417 chapal,
1039 2355 1074 2403 its
1091 2354 1181 2414 tithan,
1199 2351 1252 2402 and

410 2435 557 2496 cometem
574 2433 635 2481 trial
647 2433 734 2482 before
745 2433 790 2481 the
800 2433 893 2495 bishop
901 2432 931 2480 of
944 2430 1085 2496 annuam]

249 2544 322 2624 M.,³
337 2546 399 2610 Dei
420 2545 527 2630 gratia
550 2547 766 2612 Landavensis
790 2547 961 2632 episcopus,
988 2545 1135 2610 omnibus
1160 2565 1251 2627 paro·

250 2656 371 2720 chianis
386 2658 495 2722 suiset
509 2658 618 2722 amicis
633 2659 751 2724 clericis
766 2665 798 2723 et
813 2659 900 2722 laicis
916 2658 949 2721 in
966 2656 1104 2734 Christo,
1115 2654 1250 2718 salutem

249 2771 283 2830 et
297 2766 556 2834 benedictionem.
600 2768 725 2833 Notum
740 2769 830 2832 vobis
846 2769 925 2833 facio
946 2767 1191 2833 controversiam
1217 2771 1250 2829 et

250 2877 484 2958 dissensionem,
500 2902 569 2962 quae
584 2879 669 2943 inter
683 2881 851 2943 monachos
866 2881 904 2944 de
919 2878 1085 2943 Basselcch
1108 2882 1140 2940 et
1157 2877 1248 2940 Pico·

247 2994 317 3051 tum
332 2989 529 3073 capellanum
546 2991 656 3054 Sancti
674 2989 811 3054 Gundlei
826 2990 863 3053 de
873 2990 1018 3053 terminis
1028 2987 1248 3072 parochiarum

250 3122 378 3164 suarum
393 3101 578 3183 habebatur,
594 3102 628 3165 in
643 3102 706 3166 mei
720 3102 886 3187 prasentia
901 3100 1104 3165 terminatam
1119 3104 1152 3162 et
1166 3098 1248 3161 diffi-

246 3212 348 3276 nitam
363 3212 480 3291 fuisse3
502 3212 561 3277 hac
583 3213 729 3278 videlicet
752 3212 997 3276 consideratione
1020 3211 1105 3296 quod
1129 3209 1249 3293 capella

248 3323 372 3388 Sancta
405 3324 566 3388 Gladewis
602 3346 697 3408 quam
735 3323 950 3387 Landomerus
986 3345 1078 3406 super
1114 3320 1245 3384 fluvium

244 3435 352 3500 Eboth
382 3436 559 3516 edificavit,
589 3442 623 3500 et
651 3458 757 3499 omnes
786 3435 914 3499 decimae
942 3434 982 3497 ab
1011 3434 1119 3498 codem
1150 3432 1247 3496 fluvio

244 3548 396 3632 usquead
412 3547 544 3611 fluvium
564 3547 689 3625 Uschae,
705 3554 737 3611 et
762 3570 781 3610 a
802 3547 947 3610 terminis
973 3554 1063 3610 terraa
1091 3543 1246 3608 Willelmi

243 3660 281 3724 de
297 3659 483 3724 Bercherola
496 3658 648 3744 usquead
664 3681 758 3736 mare,
780 3663 812 3722 et
835 3681 961 3743 corpora
988 3657 1094 3721 omnia
1117 3656 1245 3720 defunc-

244 3777 349 3835 torum
364 3771 499 3834 ecclesiae
514 3770 621 3834 Sancti
639 3769 776 3833 Gundlei
792 3769 889 3833 libera
903 3774 937 3833 ct
948 3769 1055 3853 quieta
1070 3774 1243 3831 remanent.

243 3884 288 3947 Et
299 3882 353 3946 illa
363 3883 484 3947 decima
499 3905 593 3966 quam
610 3881 826 3945 Landomerus
842 3904 880 3945 ex
894 3880 956 3943 alia
970 3886 1059 3963 parte
1083 3879 1191 3943 Eboth
1206 3879 1245 3941 de

242 4001 325 4059 terra
340 4017 397 4058 sua
411 3993 545 4058 ecclesiae
562 3993 671 4056 Sancti
687 3992 826 4057 Gundlei
838 3991 975 4068 dederat,
986 3990 1122 4055 ecclesiae
1134 3989 1244 4053 Sancti

243 4105 354 4169 Basilii
369 4110 519 4169 remanet.
564 4103 709 4167 'festibus
724 4101 885 4166 Abraham
911 4101 1070 4184 capellano
1096 4098 1243 4183 episcopi,

306 4240 314 4271 ¹
336 4242 385 4290 Sic.
640 4235 651 4267 ⁹
668 4239 791 4288 bchron.
804 4238 874 4286 Mon.
889 4237 980 4287 Glonc.
992 4236 1024 4284 55
1036 4236 1106 4300 (Rec.
1119 4233 1211 4299 Com).

437 4317 448 4349 ³
466 4317 561 4366 Uhlrid
573 4331 627 4364 was
639 4315 731 4377 bishop
742 4317 772 4363 of
785 4313 907 4363 Llandafl'
920 4315 945 4361 in
959 4313 1031 4361 1146.
