3000 4972
684 570 795 616 nnana
819 573 841 616 1.
1222 555 1261 617 81

258 723 392 788 luxuriis
406 722 540 804 obedire,
553 746 589 788 ao
604 723 697 789 subdi
711 724 822 789 debere
844 729 1056 803 autumantes,
1071 747 1135 788 non
1159 725 1259 790 solum

226 919 229 927 Ι
258 835 292 900 in
313 835 523 920 possessiones
545 835 712 914 victorum,
728 835 781 900 sed
804 842 836 899 et
858 835 892 897 in
920 835 1003 919 ipsae
1034 840 1195 900 matronas
1227 843 1260 900 et

256 947 398 1033 virgines
430 946 486 1010 ubi
516 946 561 1010 eis
593 946 726 1010 facultas
759 944 928 1030 aspirabat,
962 947 1098 1010 nefanda
1127 946 1258 1013 libidine

256 1065 416 1143 coeperunt
435 1057 581 1123 insanire.
628 1057 720 1123 Quod
735 1056 893 1120 nonnulla
912 1056 1129 1140 praevidentes,
1144 1065 1179 1124 ct
1200 1083 1256 1124 suo

255 1169 367 1254 pudori
389 1176 566 1233 metuentes
587 1166 778 1231 monasteria
799 1167 962 1252 virginum
983 1168 1132 1252 petivere,
1147 1193 1256 1256 aceep-

256 1286 351 1367 toque
375 1281 444 1346 velo
468 1303 533 1345 sese
557 1280 640 1345 inter
665 1279 748 1367 ipsas
772 1285 903 1345 atanta
927 1279 1059 1344 infamia
1082 1287 1254 1365 protexere.

257 1391 336 1457 Qua
359 1391 472 1470 clades,
496 1413 567 1454 cum
592 1390 793 1474 postmodum
818 1390 926 1455 sedata
955 1396 989 1455 et
1018 1414 1073 1475 pro
1104 1393 1255 1477 temporis

254 1502 409 1588 qualitate
434 1524 498 1585 pax
524 1502 616 1566 rebus
645 1501 720 1565 data
743 1501 863 1581 fuisset,
890 1501 1058 1586 quaesitum
1084 1502 1255 1569 abeodem

253 1621 342 1699 patre
365 1613 543 1677 Lanfranco
568 1619 617 1678 est
632 1612 708 1698 quid
732 1613 771 1677 de
794 1612 845 1678 his
868 1635 938 1697 quae
952 1613 1011 1677 tali
1029 1614 1151 1698 refugio
1165 1637 1256 1679 suam

253 1724 439 1810 pudicitiam
465 1729 679 1802 servaverunt,
695 1723 761 1807 ipse
777 1723 909 1788 sentiret
918 1750 928 1804 3
950 1729 1095 1789 essentne
1110 1724 1256 1791 videlicet

253 1836 503 1920 constringendae
526 1836 559 1899 in
584 1834 773 1900 monasterio
789 1833 893 1899 velum
909 1840 1016 1901 tenere
1030 1836 1115 1922 quod
1130 1859 1254 1924 aecepe-

242 1955 337 2028 nant,
353 1969 460 2012 necne.
504 1948 553 2010 At
572 1945 638 2030 ipse
653 1945 858 2030 quaestionem
885 1927 985 2029 ipsam
1008 1945 1137 2011 oonsilio
1158 1971 1254 2032 gene·

253 2057 327 2122 ralis
353 2056 476 2121 concilii
500 2056 607 2121 taliter
632 2057 728 2121 solvit
753 2063 790 2120 ut
815 2056 858 2120 eis
874 2079 930 2140 pro
945 2057 1093 2121 castitate
1108 2082 1204 2144 quam
1221 2081 1254 2124 se

240 2175 321 2234 *tam
347 2168 521 2232 manifesta
545 2167 589 2232 rei
616 2167 793 2232 ostensione
827 2189 932 2232 amare
957 2172 1081 2233 testata
1116 2168 1254 2251 fuerant,

251 2280 390 2345 debitam
406 2277 511 2363 magis
537 2278 743 2343 reverentiam
761 2277 920 2362 judicaret
934 2279 1142 2344 exhibendam
1158 2304 1254 2366 quam

251 2391 348 2456 ullam
382 2390 541 2455 servandae
573 2389 737 2475 religionis
771 2391 1013 2470 continentiam,
1030 2391 1102 2456 nisi
1119 2382 1253 2478 propria

251 2502 339 2567 illam
380 2501 546 2567 voluntate
596 2506 791 2585 appeterent,
829 2502 983 2567 violenter
1034 2502 1252 2587 ingerendam.

250 2615 295 2679 Et
324 2614 546 2698 adjunxerunt.
597 2612 660 2676 Hie
705 2611 918 2692 interfuimus,
940 2613 1005 2676 haec
1041 2612 1252 2698 approbaris

249 2724 445 2810 sapientibus
460 2723 536 2788 viris
560 2722 751 2802 audivimus,
767 2729 800 2787 et
823 2723 889 2787 haec
904 2723 937 2786 in
953 2723 1101 2807 prasenti
1121 2724 1251 2808 negotio

248 2839 351 2903 valere
370 2837 517 2902 volumus
546 2857 583 2899 ac
612 2834 750 2899 roborari
780 2833 988 2919 postulamus.
1035 2833 1127 2898 Licet
1163 2834 1249 2898 enim

248 2949 385 3015 sciamus
408 2968 535 3012 causam
557 2945 684 3010 illarum
709 2944 801 3009 istius
825 2965 892 3008 esse
917 2943 1066 3008 leviorem
1090 2944 1166 3007 dum
1182 2944 1248 3010 ille¹

248 3066 359 3148 sponte
373 3059 435 3125 ista
449 3063 557 3123 coacta
570 3056 638 3142 pari
654 3056 693 3121 de
708 3079 801 3121 causa
815 3054 919 3120 velum
944 3055 1126 3139 portaverit,
1140 3061 1249 3122 tamen

247 3197 287 3240 ne
309 3173 379 3258 quis
405 3194 462 3235 nos
486 3171 591 3234 favore
615 3167 756 3252 cujusvis
781 3165 853 3230 duei
877 3165 1048 3244 existimet,
1074 3189 1138 3230 non
1164 3167 1249 3233 ultra

246 3281 393 3370 progredi
415 3282 449 3345 in
470 3279 589 3365 judicio
605 3279 749 3343 volumus
765 3278 823 3341 hoc
847 3276 912 3341 solo
935 3277 1088 3356 contenti,
1103 3283 1141 3342 ut
1164 3279 1247 3363 quod

246 3395 348 3459 valuit
380 3393 413 3456 in
446 3389 559 3474 majori
594 3390 699 3453 valeat
732 3389 766 3451 in
794 3386 918 3452 minori.
963 3388 1052 3452 Tune
1076 3388 1247 3454 Anselmus

246 3505 375 3570 adhaec.
423 3500 519 3566 Scitis
534 3499 609 3584 quid
633 3498 819 3577 monuerim,
833 3495 909 3582 quid
931 3497 1138 3581 praeceperim,
1155 3499 1245 3582 quid-

245 3638 305 3700 que
331 3612 462 3699 polliciti
487 3611 567 3676 sitis.
614 3610 697 3673 Cum
720 3608 823 3692 igitur
846 3608 1017 3673 secundum
1044 3609 1127 3693 quod
1156 3611 1247 3675 vobis

244 3726 349 3791 visum
386 3729 435 3789 est
470 3721 590 3806 justius
627 3719 661 3783 in
698 3741 865 3783 commune
900 3718 1126 3803 judicaveritis,
1164 3721 1247 3785 sicut

244 3834 394 3914 asseritis,
424 3856 484 3915 ego
512 3831 668 3915 judiciam
699 3835 840 3894 vestrum
868 3851 932 3892 non
964 3829 1089 3912 abjicio,
1127 3830 1181 3893 sed
1210 3854 1246 3896 co

244 3946 382 4012 securius
418 3944 499 4008 illud
535 3941 670 4026 suscipio
708 3963 769 4024 quo
811 3939 896 4004 tanti
940 3940 1039 4022 patris
1076 3941 1248 4005 autoritate

243 4059 409 4123 suffultum
435 4054 537 4119 audio.
584 4053 645 4116 Illa
669 4052 782 4116 dehinc
798 4051 832 4113 in
847 4049 985 4114 medium
1003 4049 1140 4128 ducitur,
1155 4057 1246 4134 gesta

703 4252 710 4283 ¹
730 4251 781 4298 illa.

1100 4357 1120 4400 G
1228 4390 1234 4405 ι
