3000 4972
684 556 793 602 annai
810 559 832 603 1.
1191 543 1251 606 101

256 726 384 811 [Annon
409 731 565 796 Flemus
587 757 616 797 c.
637 734 721 798 Mas
743 753 783 798 os
807 735 944 800 Samos.
992 736 1253 821 1109-1110.]¹

249 858 317 925 [The
328 863 445 926 plaintiff
457 865 560 915 obtains
571 866 709 930 judgment
720 867 748 916 in
759 867 851 917 favour
866 868 897 917 of
909 869 955 918 the
972 869 1057 933 abbey
1073 870 1103 919 of
1115 870 1253 933 Abingdon

313 955 343 989 as
354 945 383 990 to
393 945 508 990 customs
519 943 629 992 claimed
639 945 675 1009 by
686 945 731 993 the
743 945 896 995 defendente
907 947 935 995 in
945 961 980 995 an
988 947 1076 997 action
1087 947 1128 998 lor
1136 951 1254 1011 trespess

314 1021 342 1066 tc
353 1019 423 1079 land,
434 1020 504 1068 tried
514 1021 601 1070 berone
613 1021 659 1071 the
671 1022 763 1072 sheriff
771 1023 802 1072 of
815 1022 974 1088 aermnae]

249 1145 347 1209 Anno
363 1145 482 1211 decimo
498 1148 589 1233 regni
614 1149 746 1214 Henrioi
769 1149 864 1234 regis,
885 1150 969 1234 apud
987 1152 1160 1216 Suttunam
1176 1151 1252 1217 reei-

248 1255 342 1321 dente
359 1257 495 1341 plenarie
516 1259 606 1338 scira,
622 1264 655 1324 et
673 1259 810 1325 maxime
831 1283 886 1344 pro
908 1283 999 1326 eausa
1015 1284 1084 1345 quae
1099 1262 1251 1346 sequitur,

250 1367 472 1433 disrationavit
501 1368 636 1434 domnus
666 1370 763 1435 abbas
795 1371 945 1445 Faritius,
976 1378 1008 1437 et
1037 1372 1185 1436 monachi
1213 1373 1252 1437 de

247 1477 455 1560 Abbendona‚
470 1484 588 1543 terram
610 1479 649 1544 de
671 1480 825 1545 Culeham
848 1481 980 1545 solidam
1003 1486 1036 1545 et
1058 1481 1198 1565 quietam
1213 1481 1251 1546 de

248 1588 395 1653 omnibus
417 1589 707 1668 consuetudinibus,
722 1596 756 1654 et
777 1590 816 1654 de
837 1591 983 1656 omnibus
1005 1591 1196 1671 hominibus,
1212 1592 1252 1657 ad

248 1719 326 1782 opus
351 1698 503 1764 eccelesia
533 1699 806 1780 Abbendonensis,
835 1707 868 1765 et
895 1702 1031 1766 maxime
1055 1701 1093 1766 de
1116 1701 1252 1786 quadam

248 1811 408 1890 violentia,
429 1834 523 1896 quam
538 1812 681 1876 homines
703 1812 742 1877 de
762 1813 941 1897 supradicto
956 1814 1095 1879 manerio
1112 1816 1252 1878 Suttune

248 1921 424 1987 inferebant
447 1924 495 1988 illi
522 1932 622 2002 terrae,
648 1923 767 1988 scilicet
790 1923 825 1987 in
848 1924 1036 2009 accipiendis
1050 1923 1151 2010 glebis
1167 1925 1252 1989 illius

247 2037 337 2097 terrae
351 2034 391 2098 ad
406 2056 484 2118 opus
500 2034 671 2099 molendini
686 2041 719 2099 et
727 2034 866 2119 piscariae
881 2035 973 2119 regis.
1019 2035 1253 2114 Unda-sicut

247 2149 425 2209 antecessor
458 2145 555 2225 illius,
584 2144 767 2211 Adelelmus
796 2145 904 2226 abbas,
930 2153 1071 2232 tempore
1095 2145 1252 2211 Willelmi

134 2252 138 2258 ’
247 2252 376 2318 senioris
400 2255 494 2339 regis,
511 2262 544 2319 et
570 2262 711 2340 tempore
736 2256 878 2340 Frogerii
903 2255 1107 2335 vicecomitis,
1134 2262 1251 2321 terram

247 2363 433 2448 supradicta
448 2364 532 2429 villae
548 2365 701 2430 Culcham
717 2389 737 2431 a
758 2366 816 2431 tali
830 2365 983 2431 violentia
996 2365 1252 2451 quietavit-sic

247 2479 278 2538 et
302 2473 363 2539 iste
385 2475 482 2540 abbas
505 2475 657 2555 Faritius‚
671 2499 706 2541 eo
729 2476 828 2543 dicet
848 2498 885 2542 eo
899 2482 1049 2561 tempore,
1065 2499 1127 2561 quo
1142 2499 1251 2563 supra·

246 2584 368 2651 dictum
397 2592 457 2668 est,
488 2587 644 2671 quietavit
672 2610 741 2653 eam
773 2612 793 2654 a
821 2587 1000 2673 supradicta
1033 2587 1186 2652 violentia
1218 2593 1252 2653 et

246 2694 393 2760 omnibns
417 2696 709 2776 consuetudinibus,
724 2698 758 2761 in
780 2697 946 2782 praesentia
972 2697 1143 2781 Hugonis²
1168 2698 1251 2762 vioe·

245 2807 381 2887 comitis,
390 2807 479 2892 probi
490 2814 523 2873 et
534 2809 685 2892 sapientis
694 2809 765 2887 viri,
779 2809 832 2893 qui
844 2831 909 2873 non
919 2808 1021 2872 solum
1033 2808 1251 2887 Berchesoirse,

245 2918 300 2983 sed
323 2919 420 2983 etiam
443 2918 512 2984 aliis
527 2920 609 2985 VII.
624 2919 712 2984 sciris
733 2925 865 3003 praerat
887 2918 1070 2997 vicecomes,
1085 2917 1160 2982 adeo
1183 2924 1251 2984 erat

244 3029 427 3094 nominatus
449 3029 499 3094 vir
519 3037 553 3095 et
574 3053 664 3095 carus
684 3029 762 3114 regi,
779 3035 812 3094 et
833 3029 867 3092 in
889 3028 1056 3113 prasentia
1077 3027 1250 3093 multorum

246 3140 413 3205 hominum
430 3141 528 3205 trium
545 3141 697 3206 scirarum
713 3139 757 3204 ibi
772 3139 999 3205 assistensium.

280 3290 355 3434 [The]
367 3292 464 3343 offsnce
481 3293 594 3358 secrotly
609 3293 737 3356 renewed,
752 3293 805 3344 and
819 3293 958 3357 judgment
975 3291 1090 3343 thstefor
1106 3292 1185 3356 again
1205 3291 1250 3343 ob·

244 3371 340 3420 tained.

290 3511 368 3575 Post
394 3511 491 3575 istam
520 3511 856 3593 disratiocinationem,
880 3534 953 3576 cum
982 3511 1018 3575 in
1047 3533 1155 3575 eornm
1184 3532 1250 3575 non

243 3621 354 3687 fuisset
368 3644 447 3687 ausu
466 3622 633 3687 hominnm
656 3623 740 3708 quod
761 3622 883 3707 pridem
898 3628 1031 3706 egerant
1042 3622 1110 3706 jam
1125 3620 1250 3705 publico

243 3732 279 3796 in
294 3739 463 3817 conspectu
478 3732 601 3814 iterare,
611 3734 751 3799 clanculo
766 3734 799 3799 id
815 3739 974 3819 repetunt.
1002 3734 1123 3817 Deque
1133 3755 1166 3797 re
1177 3754 1250 3797 cum

243 3841 322 3908 certi
346 3836 453 3907 nuntii
475 3844 584 3909 relatio
606 3845 714 3909 abbati
736 3850 817 3910 esset
838 3844 970 3929 perlata,
984 3842 1250 3908 ‘vicecomitatum

242 3958 320 4017 tnnc
333 3953 540 4019 Berchescirae
550 3955 685 4038 regenti,
699 3955 833 4039 Hugoni
845 3954 883 4019 de
896 3954 1105 4033 Bochelande,
1116 3953 1249 4020 eandem

243 4063 363 4143 retulit,
377 4065 469 4148 cujus
484 4071 517 4129 et
531 4066 623 4150 jussu
638 4066 671 4130 in
681 4065 845 4130 hundredo
856 4065 917 4151 ipsi
927 4067 1085 4142 Suttunae,
1094 4062 1250 4148 praedicta

279 4281 286 4314 ¹
304 4283 402 4332 2Hist.
415 4284 485 4332 Mon.
497 4283 610 4346 Abingd.
624 4283 671 4334 117
683 4282 757 4345 (Rae.
771 4283 864 4342 Cena).
1026 4282 1036 4314 ¹
1054 4280 1085 4328 de
1097 4278 1219 4329 Bocland.
