3000 4972
642 587 754 641 unsar
778 589 812 633 in
1140 573 1202 635 193

207 737 294 819 cujus
309 736 335 800 si
357 737 397 800 ad
412 736 559 802 meritum
574 737 725 801 sanctitas
740 746 844 803 vestra
858 739 1036 823 respexerit,
1052 741 1206 806 credimus

205 846 290 930 qnod
312 847 402 912 facile
430 871 449 911 a
472 848 561 913 vobis
587 870 678 932 opem
703 871 799 932 quam
828 849 982 914 desiderat
1010 850 1203 934 impetrabit.

206 957 280 1040 Ipsa
295 980 441 1042 namque,
456 965 523 1023 tam
538 958 711 1043 disciplina
725 960 876 1042 regularis
891 960 1098 1040 observantia,
1108 984 1204 1046 quam

205 1067 435 1134 sustentatione
456 1091 627 1154 pauperum
649 1068 864 1152 hospitalitate
885 1070 1045 1150 laudabili,
1061 1071 1203 1136 omnium

206 1200 239 1240 se
255 1177 406 1242 bonorum
428 1179 532 1243 favore
554 1178 686 1262 dignam
704 1201 824 1262 semper
844 1179 998 1261 exhibuit,
1021 1186 1054 1245 et
1076 1180 1202 1246 univer·

207 1310 311 1351 sorum
341 1312 417 1373 quos
446 1289 566 1373 optimo
595 1312 658 1352 sua
687 1290 865 1354 sanctitatis
888 1290 980 1355 odore
1006 1291 1145 1374 perfudit
1170 1290 1204 1355 in

205 1421 343 1462 amorem
358 1398 407 1462 sui
425 1399 546 1463 animos
564 1405 597 1464 et
617 1398 709 1463 corda
728 1399 892 1464 convertit.
938 1401 1016 1464 Haec
1037 1401 1112 1485 quia
1129 1423 1203 1466 vera

204 1509 331 1589 scimus,
360 1517 512 1594 tanquam
540 1533 613 1574 vera
642 1509 846 1575 testificamur
872 1517 1047 1596 opportuno
1073 1510 1140 1576 loco
1170 1517 1204 1578 et

204 1625 343 1704 tempore
365 1620 581 1684 testimonium
603 1627 746 1683 nostrum
761 1643 796 1684 eo
819 1643 880 1705 quo
894 1619 1093 1686 decreveritis
1108 1621 1202 1686 modo

204 1729 375 1812 probaturi.
434 1730 549 1795 Valeat
584 1730 618 1795 in
650 1738 801 1796 aternum
837 1731 987 1798 sanctitas
1024 1737 1128 1797 vestra
1170 1731 1201 1796 in

207 1840 333 1905 Christo
348 1840 460 1906 dilecte
474 1848 572 1926 pater.

247 2062 403 2147 Eugenio,
430 2063 490 2128 Dei
519 2064 624 2147 gratia
650 2065 781 2128 Summo
803 2062 949 2128 Pontifici
972 2063 1056 2148 patri
1085 2084 1142 2126 suo
1170 2067 1204 2125 et

204 2171 341 2252 domino,
367 2172 524 2238 Robertus
548 2174 644 2238 abbas
662 2173 874 2253 Alencestriae,
896 2173 1043 2238 devotum
1064 2173 1204 2237 animum

203 2290 236 2348 et
272 2284 312 2348 ad
345 2282 553 2348 obediendum
593 2284 720 2349 domino
758 2283 902 2368 patrique
943 2283 1203 2368 pronitissimum.

206 2393 404 2458 sublimitati
426 2401 546 2472 vestrae,
568 2394 680 2458 dilecte
700 2399 799 2478 pater,
822 2400 935 2458 notum
957 2394 1099 2472 facimus,
1120 2392 1205 2479 quod

205 2503 351 2568 omnibus
366 2505 588 2589 propemodum
598 2504 732 2569 ecclesiis
741 2504 775 2568 in
785 2505 965 2589 episcopatu
979 2501 1205 2590 Wygorniensi

205 2621 325 2678 certum
354 2638 420 2680 esse
444 2637 506 2679 non
532 2615 724 2693 dubitamus,
753 2614 845 2699 siqua
874 2613 1115 2698 namquefides
1144 2635 1201 2677 an·

203 2724 346 2809 tiquitati
361 2725 504 2789 habenda
518 2732 577 2804 est,
596 2725 685 2809 siqua
700 2725 841 2809 patribus
857 2724 970 2809 quibus
985 2723 1019 2787 in
1042 2721 1149 2787 ordine
1171 2729 1203 2786 et

204 2834 366 2919 religionis
387 2834 586 2900 institutione
608 2834 811 2899 successimus
832 2833 1009 2899 exhibenda
1023 2831 1203 2909 auotoritas,

204 2969 312 3011 eorum
337 2945 434 3011 etiam
458 2968 526 3030 quae
549 2945 589 3009 ob
616 2943 758 3009 veritatis
781 2943 1017 3009 attestationem
1039 2942 1071 3005 in
1088 2940 1203 3025 scripta

204 3056 330 3141 publica
353 3056 479 3121 redacta
503 3061 587 3134 sunt,
613 3055 638 3119 si
661 3054 818 3140 quomodo
847 3053 910 3118 fida
933 3052 1042 3117 relatio
1071 3052 1110 3118 de
1133 3054 1205 3137 jure

205 3165 450 3230 Gloeocstrensis
475 3165 608 3230 ccclesiae
630 3165 662 3228 in
686 3164 776 3230 terris
801 3163 863 3227 hiis
889 3162 1046 3242 Stanedis,
1073 3163 1204 3242 Lecche,

205 3276 388 3353 Ottintona,
402 3275 545 3340 dubitare
560 3298 623 3340 non
639 3274 788 3340 convenit
801 3296 896 3359 quam
911 3296 930 3337 a
944 3273 1054 3338 diebus
1065 3272 1204 3357 antiquis

203 3387 237 3449 in
262 3385 325 3450 hiis
347 3386 512 3449 fundatam
536 3393 571 3450 st
593 3386 656 3450 hiis
681 3384 872 3450 Merciorum
901 3407 1011 3468 regum
1036 3382 1203 3468 largitione

203 3496 358 3574 dotatam,
381 3496 575 3560 cronicorum
598 3495 770 3560 recordatio
796 3502 828 3560 et
854 3494 1108 3579 predecessorum
1132 3515 1202 3557 nos-

202 3611 324 3670 trorum
352 3607 516 3671 attestatio
542 3606 581 3670 ad
607 3628 664 3670 nos
687 3605 835 3670 devoluta
858 3604 1026 3669 oonvinoit.
1072 3603 1204 3668 Cunctis

141 3771 145 3783 .
204 3715 320 3799 quippe
334 3715 444 3780 diebus
458 3717 575 3779 nostris
591 3716 861 3780 Gloucestrensem
872 3713 1031 3780 ecclesiam
1042 3713 1204 3798 predictas

204 3833 303 3888 terras
329 3824 596 3910 continuansque
622 3826 714 3890 hodie
738 3826 907 3909 possedisse
936 3823 1152 3906 cognovimus,
1171 3830 1204 3886 et

205 3955 285 4012 eam,
299 3940 338 3997 ut
359 3933 479 3998 dictum
501 3942 560 4013 est,
583 3935 622 3999 ab
645 3934 780 3999 exordiis
802 3933 867 3998 suis
888 3933 923 3997 in
944 3932 1005 3996 hiis
1027 3932 1203 4012 fundatam,

204 4042 330 4128 scriptis
353 4049 386 4107 et
407 4050 534 4128 patrum
556 4043 747 4109 testimoniis
769 4043 1002 4119 intelleximus3
1036 4048 1069 4105 et
1097 4064 1137 4105 ne
1167 4040 1202 4104 in

203 4155 369 4238 praesentia
404 4159 510 4219 vestra
545 4154 769 4219 obscuritatem
802 4153 919 4218 veritas
947 4151 1096 4237 patiatur,
1129 4151 1202 4214 sub·

203 4264 334 4329 limitati
351 4271 461 4329 vestrae
475 4270 542 4329 tam
557 4263 627 4329 visa
644 4286 738 4349 quam
761 4262 871 4328 audita
891 4260 1118 4345 significamus,
1134 4283 1203 4344 quar

1053 4391 1073 4435 o
