3000 4972
656 558 797 602 urnnmu
821 557 843 601 1.
1204 534 1246 600 37

243 710 425 795 caetcrinquc
454 709 533 774 meis
570 710 778 793 optimatibus
815 709 902 773 illius
938 709 1117 773 comitatus.
1164 707 1246 772 Volo

243 843 320 904 ergo
346 827 378 885 et
401 820 556 905 praecipio,
572 827 610 884 ut
633 844 652 884 u
677 821 769 885 modo
796 821 929 884 firmitur
944 827 977 884 et
998 819 1166 883 honorifice
1176 818 1245 900 jam

244 932 347 997 dictus
371 931 468 996 abbas
493 938 526 996 ct
552 932 639 996 locus
664 956 717 996 cas
740 932 864 1009 habeut,
889 937 1006 1008 teneat,
1031 929 1188 1014 possideat
1211 928 1245 992 in

243 1050 442 1127 perpetuum,
467 1042 563 1107 sicuti
589 1048 797 1106 antecessores
825 1042 892 1125 ojus
922 1041 1034 1105 molius
1063 1045 1246 1105 tonuerunt.

244 1155 290 1218 Et
313 1155 341 1218 ei
367 1154 480 1238 aliquis
503 1153 562 1217 sibi
585 1154 723 1238 aliquam
741 1153 813 1217 inde
828 1152 937 1216 feccrit
951 1151 1112 1236 iujuriam,
1128 1174 1183 1214 vos
1198 1150 1246 1213 illi

244 1272 365 1329 rectum
391 1265 493 1328 facite.
538 1265 631 1328 'Peste
652 1263 824 1328 Godefridu
847 1263 991 1347 episcopo
1009 1260 1246 1325 Constanticnsi

245 1377 329 1460 apud
345 1379 570 1459 Rotomagum.
617 1375 741 1439 Vulcte.

419 1865 678 1933 DOOMSDAY
717 1864 1052 1931 INQUISITIONS.

421 2055 585 2136 [Cosmus
607 2072 647 2116 or
671 2054 819 2116 Fouumr
843 2051 1072 2134 Muccurum]

248 2214 383 2287 Qumou
400 2213 587 2298 praepositus
615 2214 817 2275 Brumannus
842 2211 971 2275 nomine
998 2218 1138 2295 tempore
1164 2210 1249 2293 regis

246 2324 394 2389 Edwardi
418 2323 502 2407 cepit
525 2323 768 2386 consuetudines
791 2321 830 2386 dc
849 2322 1006 2386 cxtruneis
1023 2322 1248 2386 mercatoribus

247 2435 281 2498 in
314 2444 398 2499 terra
429 2434 537 2499 Sancti
564 2433 719 2497 Kinitutis
749 2441 782 2496 et
812 2434 921 2497 Sancti
952 2432 1137 2516 Augustini.
1184 2433 1250 2498 Qui

247 2551 356 2630 postca
385 2552 525 2628 tempore
565 2543 649 2626 regis
680 2542 835 2606 Willclnri
872 2552 946 2606 untc
983 2542 1249 2628 archiepiscopum

250 2657 463 2721 Lanfrancum
494 2661 526 2718 ct
563 2653 743 2737 episcopum
775 2653 977 2717 Baioccnsom
1000 2653 1185 2735 recognovit
1216 2676 1250 2717 se

248 2766 367 2851 injuste
390 2765 554 2850 accepisse,
570 2775 602 2827 et
628 2772 823 2827 sacramento
845 2763 928 2826 facto
939 2762 1062 2847 juravit
1076 2763 1159 2845 quod
1175 2762 1250 2846 ipsae

248 2877 391 2941 aecclesiae
423 2898 496 2939 suos
530 2873 773 2939 consuetudines
802 2873 925 2956 quietus
955 2872 1134 2936 habuerunt
1166 2873 1251 2955 regis

248 2987 397 3052 Edwardi
421 2993 571 3070 tempore.
616 2987 660 3048 Et
685 2983 797 3048 exinde
815 2991 946 3067 utroque
970 2982 1115 3046 aeoclcsiae
1140 2982 1172 3046 iu
1193 3005 1250 3047 sua

248 3107 332 3162 terra
365 3097 545 3160 habuerunt
575 3094 817 3158 consuetudines
842 3117 925 3172 suuS,
944 3093 1065 3173 judicio
1096 3094 1249 3158 baronum

248 3210 332 3291 rogis
347 3207 402 3292 qui
417 3206 567 3290 placitum
584 3207 775 3269 tonuerunt.¹

250 3626 405 3707 [Cuuncu
428 3646 495 3690 nnn
511 3628 693 3705 Aqunnucr
715 3646 755 3689 nr
779 3625 994 3690 Sournwnurr.
1039 3623 1111 3688 Tun
1133 3623 1251 3688 Krro’s

588 3738 687 3801 Wrur
709 3757 775 3800 run
800 3739 910 3820 Suum]

293 3894 368 3978 Ipse
404 3893 566 3977 episcopus
609 3894 707 3978 [Odo]
752 3894 847 3959 habet
875 3895 908 3958 in
941 3895 1127 3959 Sudwcrche
1151 3915 1250 3956 unum

250 4005 476 4069 monasterium
500 4013 532 4069 ct
558 4028 657 4068 unum
685 4029 765 4089 uque
790 4006 931 4069 fluct-um.
978 4007 1048 4069 ch
1078 4004 1250 4067 Edwrurlus

251 4115 380 4181 tenebat
404 4115 455 4180 die
479 4138 542 4199 qua
558 4124 703 4179 mortuus
723 4115 793 4179 fuit.
841 4116 906 4181 Qui
921 4116 1089 4180 aeoclesiam
1107 4113 1252 4191 habebut,

367 4263 375 4293 ¹
394 4263 408 4310 1
421 4262 577 4325 Doomndny,
589 4264 612 4309 2.
647 4262 794 4326 Doomudny
805 4278 859 4312 urus
870 4262 1013 4325 complotod
1026 4261 1053 4310 in
1066 4261 1137 4310 1086.
