3000 4972
665 569 838 613 armanum.

733 722 769 785 C.

502 842 706 898 DOOhISDAY
725 843 1005 911 memmimus}

413 945 622 1014 [decumanos
640 948 802 1002 Lnnrasno
820 966 845 1001 v.
864 947 978 1001 Brauon
995 945 1080 1015 Ouo]

281 1045 340 1099 Hoc
358 1046 507 1100 manerium
522 1047 677 1116 [Estochea]
690 1047 743 1101 fuit
755 1051 783 1102 et
800 1054 841 1101 est
856 1048 888 1101 de
907 1047 1059 1117 episcopatu
1074 1045 1191 1109 Refensi,
1204 1045 1251 1099 sed

245 1133 387 1187 Goduinus
399 1153 486 1189 eomes
498 1138 618 1206 tempore
631 1137 701 1206 regis
715 1136 838 1190 Edwardi
852 1137 919 1190 emit
928 1135 994 1189 iilud
1004 1135 1037 1189 de
1049 1134 1152 1189 duobus
1164 1133 1249 1188 hemi·

244 1220 324 1273 nibus
336 1220 383 1290 qui
395 1240 456 1275 eum
469 1221 595 1276 tenebant
606 1222 639 1276 de
654 1223 783 1293 episcopo,
802 1227 829 1277 et
845 1241 875 1276 eo
894 1223 1034 1293 ignorante
1054 1222 1123 1275 sacta
1140 1225 1181 1274 est
1193 1221 1249 1275 hae

244 1307 371 1361 venditio.
408 1308 583 1363 Postmodum
596 1328 658 1364 vero
675 1314 804 1379 regnante
816 1309 951 1363 Willclmo
971 1328 1040 1380 rege,
1053 1307 1253 1363 diratiocinavit

243 1393 310 1448 illud
328 1395 493 1450 Lausraucus
511 1396 723 1468 archiepiscopus
741 1404 833 1452 contra
851 1398 1023 1451 Baieceusorn
1043 1397 1202 1467 episcopum,
1222 1402 1250 1451 et

243 1480 304 1535 inde
316 1486 357 1536 est
369 1482 446 1537 modo
458 1483 552 1537 saisita
564 1483 687 1538 Rofensis
699 1484 824 1539 aecclesia.
862 1486 876 1537 1
891 1484 1053 1554 Doemsday,
1065 1487 1081 1538 5
1096 1484 1123 1539 b.

313 1648 427 1717 [Aeser
445 1665 482 1702 or
501 1649 544 1703 Se.
565 1649 737 1705 Anaosrrnu
756 1668 780 1702 e.
799 1649 865 1703 Tar
885 1650 944 1704 Son
964 1667 1001 1704 or
1019 1650 1177 1719 Arsame]

279 1751 338 1806 Hoc
352 1752 499 1807 manerium
519 1752 726 1822 [Badelesmere]
746 1753 871 1808 reclamat
889 1753 969 1808 abbas
988 1754 1079 1808 Sancti
1091 1753 1248 1825 Augustini,

243 1838 305 1909 quia
318 1839 414 1893 habuit
426 1843 543 1910 tompore
555 1840 626 1910 regis
638 1839 763 1894 Edwardi
776 1844 803 1894 et
814 1839 936 1894 hundred
950 1845 1113 1896 attestantur
1125 1841 1157 1894 ei.
1195 1840 1247 1894 Sed

244 1927 315 1980 filius
335 1927 453 1981 heminis
473 1927 609 1996 [Ansfrid]
630 1927 695 1981 dicit
715 1931 817 1999 patrem
837 1946 914 1981 suurn
937 1948 965 1982 ae
984 1947 1059 1999 pesse
1078 1934 1179 1982 vertere
1202 1927 1246 1982 ubi

243 2014 365 2078 voluerit,
378 2019 405 2068 et
417 2015 465 2068 hoc
478 2033 530 2068 nou
544 2019 666 2069 annuunt
679 2014 801 2069 monachi
816 2014 920 2083 [Sancti
932 2015 1102 2086 Augustini}
1140 2015 1181 2070 lh.
1195 2016 1238 2069 10.

371 2195 484 2265 [Aeeor
502 2212 539 2249 er
558 2196 601 2250 Sr.
620 2196 726 2251 Parae.
763 2180 874 2251 Minoa
893 2213 930 2251 os
948 2196 1130 2264 Tervanna]

278 2298 338 2353 Hoc
350 2299 498 2352 manerium
513 2299 668 2368 [Treverde]
683 2300 879 2371 calumpniatur
891 2299 971 2355 abbas
985 2299 1075 2354 Sancti
1090 2298 1162 2352 Petri
1174 2298 1248 2352 Win-

242 2386 379 2440 toniensia.
416 2387 540 2440 Testatur
558 2386 679 2440 hundred
697 2388 766 2458 qued
780 2393 897 2457 ternpore
915 2387 986 2458 regis
1002 2386 1127 2441 Edwardi
1141 2386 1249 2440 tenebat

243 2492 305 2526 eum
317 2472 349 2527 de
362 2472 454 2527 abbate
467 2474 513 2544 qui
526 2474 633 2528 tenebat
645 2475 830 2529 tantummodo
843 2480 960 2546 temporo
974 2475 1036 2529 vitre
1049 2493 1112 2528 suae.
1139 2473 1178 2528 ΙΙ).
1192 2474 1235 2527 23.

546 2657 657 2725 [Lenes
677 2673 713 2710 er
733 2656 846 2710 Bianor
864 2657 948 2725 One]
1021 2728 1024 2733 .

280 2768 430 2822 Runnrdsus
447 2768 590 2823 vicecomes
609 2773 683 2824 tenet
696 2770 719 2823 I.
735 2770 840 2840 hagam,
857 2789 937 2840 quam
957 2770 1091 2839 hucusque
1110 2768 1198 2822 tenuit
1215 2767 1247 2822 de

243 2856 364 2927 episcopo
383 2856 528 2910 Baieceuai.
566 2857 698 2910 Homines
718 2876 778 2911 vero
797 2857 975 2911 testificentur
992 2856 1055 2927 quia
1074 2875 1126 2909 non
1145 2855 1248 2925 adjacet

243 2944 320 2999 alicui
340 2945 466 3008 manerio,
485 2944 531 2999 sed
550 2945 595 3015 qui
615 2945 722 3000 tenebat
741 2965 798 3001 earn
817 2951 935 3016 tempora
952 2945 1024 3016 regis
1043 2943 1167 2998 Edu-ordi
1186 2962 1246 2997 cen-

242 3033 320 3087 cessit
332 3051 390 3087 carn
403 3033 471 3087 Teui
483 3032 624 3104 praeposito
637 3032 714 3095 vitto,
730 3052 777 3103 pre
796 3032 979 3087 emendatione
998 3032 1077 3086 unius
1095 3050 1151 3085 sure
1169 3030 1246 3085 ferio-

242 3120 359 3175 secturae.

279 3208 374 3262 Altera
392 3208 486 3261 demus
504 3212 545 3261 cst
563 3227 643 3278 quum
663 3211 735 3262 tenet
748 3207 905 3278 praepositus
924 3205 1036 3278 episcopi
1050 3204 1202 3259 Baieccnsis
1215 3204 1248 3260 de

243 3295 360 3350 manerio
373 3295 489 3349 Brenlei.
527 3295 568 3349 De
586 3295 635 3350 hoe
653 3295 746 3349 dicunt
761 3295 882 3349 hemines
900 3295 933 3348 de
951 3293 1086 3357 comitatu,
1105 3292 1175 3364 quod
1193 3311 1247 3346 non

242 3381 323 3436 habet
335 3381 372 3436 ibi
385 3382 463 3436 aliam
478 3382 673 3445 rectitudinem,
686 3381 738 3435 nisi
751 3381 820 3452 qued
833 3381 966 3452 quandam
981 3380 1088 3434 viduam
1100 3379 1176 3450 eujus
1191 3384 1248 3434 erat
1347 3450 1351 3457 .

242 3468 337 3521 domus
358 3469 459 3540 accepit
479 3469 636 3540 propositus
658 3468 736 3531 villae,
759 3472 786 3523 et
805 3468 864 3522 ideo
885 3467 960 3522 misit
980 3467 1117 3538 epiecopus
1138 3465 1247 3521 domum

242 3553 316 3607 illam
334 3555 363 3607 in
381 3573 429 3609 suo
442 3556 567 3619 manerio,
580 3559 607 3609 et
619 3556 756 3626 hucusque
768 3554 885 3626 perdidit
896 3574 940 3610 rex
954 3553 1166 3619 consuetudines,
1179 3554 1247 3625 epia·

241 3660 321 3711 copus
334 3645 423 3695 autern
437 3642 524 3696 habet.

280 3726 378 3780 Dicunt
391 3727 471 3781 etiam
485 3728 605 3783 hominos
623 3729 668 3800 qui
678 3729 838 3799 juraverunt
850 3728 882 3782 de
900 3727 952 3782 alia
970 3728 1047 3783 domo
1060 3746 1118 3798 qum
1133 3727 1206 3797 jacet
1218 3727 1246 3781 in

242 3812 361 3875 Brunloi,
374 3819 480 3883 prepter
492 3813 541 3869 hoc
555 3820 660 3870 tanturn
673 3816 743 3886 quod
755 3816 913 3886 paepositus
926 3814 958 3868 de
971 3815 1028 3885 ipsa
1040 3814 1103 3867 villa
1115 3813 1168 3867 fuit
1179 3814 1245 3867 ami-

241 3919 287 3953 cus
306 3900 422 3953 hominis
437 3900 508 3953 illins
521 3901 566 3972 qui
580 3902 648 3956 hano
660 3901 769 3956 domum
783 3901 904 3964 habebat,
917 3908 944 3955 et
956 3919 986 3955 eo
999 3906 1102 3954 mortuo
1115 3900 1247 3954 convertit

241 4005 299 4040 earn
312 3986 345 4041 ad
358 3987 514 4041 manerium.
552 3987 593 4041 Ib.
608 3990 650 4042 30.

277 4087 372 4175 ¹Here
385 4141 428 4176 nro
447 4122 528 4194 given
547 4122 582 4177 nil
598 4123 645 4177 the
663 4128 718 4178 rest
736 4123 767 4176 ef
785 4122 831 4177 the
844 4140 916 4176 cases
934 4121 965 4174 oi
979 4119 1134 4190 Doomsday
1147 4121 1177 4173 of
1191 4140 1245 4193 any

241 4209 311 4275 legal
325 4209 409 4271 vulne,
423 4216 469 4263 not
488 4210 569 4279 given
582 4210 609 4264 in
623 4210 669 4265 the
681 4213 749 4273 text,
762 4215 834 4273 ante,
854 4228 897 4279 pp.
917 4209 1031 4265 37-61.
1068 4207 1125 4262 The
1143 4207 1204 4263 dato
1222 4208 1245 4264 is

241 4315 314 4349 carro
329 4296 490 4351 1085-1086.
