3000 4972
317 533 380 594 194
561 550 694 595 emens
716 544 1062 595 muno-nonnarum.

314 699 411 764 etiam
422 700 516 783 juxta
530 703 672 766 mandati
688 700 784 765 vestri
798 701 1028 779 auctoritatem,
1044 699 1071 763 si
1093 697 1188 763 fuerit
1202 718 1315 781 oppor-

314 809 435 873 tunitas
459 834 611 890 concessa,
635 813 763 895 probare
788 812 889 895 parati
914 834 1032 876 sumus.
1088 810 1140 873 Ad
1166 810 1317 872 honorem

314 920 460 984 Ecclesiae
482 945 544 985 suae
568 923 794 1006 paternitatem
817 929 953 986 vestram
975 944 1031 1007 per
1052 921 1150 1004 longa
1171 926 1315 1000 tempora

314 1028 502 1096 incolumem
526 1032 635 1097 divina
659 1040 820 1098 conservet
846 1033 961 1115 gratia,
984 1033 1017 1097 in
1041 1030 1179 1108 Christo,
1202 1029 1315 1092 dilecte

313 1147 413 1227 pater.

360 1397 526 1463 Universis
542 1400 665 1465 Sanctae
679 1397 825 1462 Ecclesiae
834 1397 918 1476 filiis,
929 1396 1057 1460 humilis
1070 1394 1316 1460 Lanthoniensis

315 1515 499 1574 conventus.
545 1511 586 1573 In
611 1509 754 1574 veritatis
780 1507 962 1572 testimonio
986 1515 1069 1571 stare
1092 1513 1152 1585 est,
1181 1505 1215 1568 in
1239 1526 1314 1568 con-

315 1623 414 1682 ventu
442 1625 549 1685 nostro
585 1620 683 1684 frater
712 1618 840 1703 quidam
869 1618 1095 1682 concanonicus
1123 1623 1229 1681 noster
1258 1617 1313 1681 W.

314 1727 398 1793 filius
413 1729 534 1795 Odonis
549 1736 690 1809 vocatus,
705 1729 754 1793 vir
768 1751 906 1812 magnus
928 1728 1004 1791 dum
1027 1728 1137 1792 saculo
1152 1726 1314 1805 militaret,

315 1839 413 1922 major
442 1847 548 1904 autem
577 1840 670 1904 modo
701 1841 768 1904 Deo
799 1837 948 1917 serviens,
977 1837 1032 1922 qui
1059 1837 1126 1920 regi
1151 1836 1313 1900 Willelmo

313 1949 448 2013 secundo
470 1949 657 2014 collateralis
679 1972 756 2033 puer
774 1948 897 2013 audivit
912 1954 1014 2013 totam
1036 1947 1197 2013 abbatiam
1214 1947 1313 2011 Glon·

313 2057 433 2120 oestrias
461 2058 691 2144 archiepiscopo
721 2059 910 2123 Eboracensi
939 2082 958 2123 a
988 2059 1060 2123 sede
1088 2081 1144 2122 sna
1173 2064 1314 2142 tempore

313 2167 534 2249 persecutionis
569 2168 690 2252 fugato,
719 2173 797 2233 tunc
833 2168 946 2232 abbate
982 2176 1157 2246 vacantem,
1187 2169 1226 2232 ad
1263 2168 1312 2232 sui

313 2276 575 2342 sustentationem
590 2277 756 2342 committi.
803 2279 882 2342 Pace
896 2284 1002 2343 autem
1022 2278 1199 2356 reformata,
1219 2277 1313 2342 rediit

311 2386 558 2472 archiepiscopus
572 2387 612 2452 ad
626 2388 760 2473 propria,
776 2387 938 2451 monachis
953 2387 1060 2452 omnia
1071 2409 1139 2472 quae
1153 2391 1312 2471 acceperat

313 2495 380 2559 sine
401 2496 612 2562 diminutione
633 2498 821 2581 relinquens.
888 2498 933 2560 Et
953 2497 1077 2576 exinde,
1099 2496 1182 2560 sicut
1202 2495 1313 2559 asserit

311 2605 478 2689 pradictus
504 2607 610 2687 frater,
632 2608 736 2672 LXV.
760 2607 852 2671 annis
874 2606 1042 2671 transactis
1067 2604 1212 2670 monachi
1234 2627 1312 2690 pra-

312 2715 390 2780 dicti
405 2715 510 2800 quiete
521 2722 554 2781 ct
563 2716 746 2781 inconcusse
760 2739 808 2780 res
820 2739 891 2779 suas
902 2716 1111 2801 possiderunt,
1122 2714 1312 2779 nominatim

313 2827 470 2906 Stanedis‚
494 2828 622 2907 Lecohe,
646 2826 816 2906 Berthone,
832 2827 996 2900 Otintone,
1019 2848 1087 2910 quae
1109 2825 1224 2911 proprii
1245 2847 1313 2890 esse

305 2935 387 3018 juris
410 2936 543 3002 ccclesia
573 2935 776 3001 Glaucestriae
800 2943 944 3003 testatur.
991 2937 1069 2999 Hac
1097 2936 1137 3000 ad
1161 2934 1312 3001 notitiam

310 3047 510 3130 presentium
534 3052 567 3112 et
592 3047 769 3112 futurorum
794 3049 908 3132 scripta
934 3053 967 3111 et
992 3046 1099 3132 sigillo
1118 3051 1224 3110 nostro
1244 3045 1311 3129 sig-

310 3161 386 3219 nata
405 3155 620 3240 relinquimus.
668 3157 745 3222 Haec
767 3158 862 3222 frater
883 3157 1068 3242 sepedictus
1089 3156 1123 3219 in
1146 3161 1314 3239 conspectu

309 3263 451 3327 omnium
476 3265 543 3328 loco
566 3273 599 3330 et
623 3272 761 3353 tempore
780 3275 907 3351 paratus
922 3267 983 3331 erit
999 3267 1140 3350 probare,
1158 3265 1239 3330 sicut
1258 3264 1312 3348 jus

308 3369 476 3436 dictaverit
490 3379 523 3438 et
538 3375 629 3439 ratio.
666 3374 820 3454 Valentis,
829 3382 862 3441 et
874 3381 1022 3440 mutuum
1034 3374 1184 3441 orationis
1195 3396 1311 3440 munus

308 3480 400 3545 nobis
415 3481 597 3566 impendite.

349 3752 504 3837 Eugenio,
529 3755 590 3819 Dei
619 3755 722 3839 gratia
747 3757 879 3821 Summo
910 3755 1067 3837 Pontifici,
1091 3755 1174 3842 patri
1198 3777 1254 3819 suo
1278 3760 1312 3819 et

304 3861 441 3936 domino,
465 3863 662 3948 Radulphus,
686 3865 771 3950 prior
794 3872 826 3930 et
850 3873 1023 3933 conventus
1051 3870 1173 3933 Sancta
1199 3865 1311 3931 Maria

306 3972 534 4057 Wygornensis
571 3974 715 4056 ccclesia,
748 3976 881 4042 salutem
913 3989 946 4043 ct
978 3978 1090 4043 debita
1123 3978 1312 4043 famulatum

303 4081 496 4150 obedientia.
543 4086 666 4150 Sauctae
689 4085 878 4154 sublimitati
904 4096 1025 4168 vestra,
1048 4095 1137 4175 pater
1153 4111 1310 4175 ¹reveren·

302 4192 433 4273 tissime,
457 4194 573 4281 scripto
596 4196 794 4262 notificamus
816 4222 885 4285 quae
899 4200 950 4266 vel
966 4199 1091 4285 scriptis
1112 4199 1162 4264 vel
1183 4205 1311 4284 patrum
