3000 4972
663 589 835 634 repexum.

728 782 765 845 B.

304 919 455 975 APPEAL
472 921 519 976 OF
538 921 714 977 TREASON
733 924 814 978 AND
833 924 955 979 ABUSlt
974 924 1022 979 OF
1041 925 1184 981 creles.

474 1060 553 1129 [Tne
574 1061 655 1114 Krisa
675 1080 699 1114 a.
719 1061 799 1116 Esne
818 1026 889 1118 Oce.
917 1061 1032 1131 1082]ι

279 1197 350 1265 [The
363 1197 513 1261 defendant,
527 1197 704 1252 half-brother
717 1198 746 1252 of
759 1200 878 1252 Willians
892 1200 936 1253 tho
950 1200 1110 1271 Conqucror,
1119 1201 1171 1255 had
1181 1200 1246 1257 been

243 1286 376 1340 rewarded
389 1287 454 1340 with
469 1288 515 1341 the
527 1295 626 1357 county
639 1287 669 1340 of
684 1288 757 1342 licut
770 1287 810 1342 for
824 1288 865 1341 his
878 1289 990 1342 services
1004 1289 1031 1342 in
1044 1290 1090 1344 the
1103 1290 1246 1360 Conquest,

170 1412 174 1419 -
243 1378 271 1426 at
295 1373 341 1427 ths
365 1392 438 1428 same
464 1377 528 1428 time
548 1375 682 1444 retaining
701 1374 743 1428 his
762 1375 878 1444 position
898 1394 926 1429 as
946 1375 1049 1446 bishop.
1087 1377 1199 1448 Hoping
1218 1383 1246 1432 to

243 1460 350 1512 succeed
367 1460 487 1531 Gregory
500 1461 568 1515 VII.
582 1462 609 1515 in
623 1462 668 1516 the
681 1480 790 1533 papacy,
803 1460 861 1517 Ode
879 1462 941 1525 had,
954 1462 1053 1534 during
1071 1463 1116 1517 the
1135 1463 1245 1518 absence

243 1548 274 1599 of
289 1546 334 1600 the
347 1546 415 1617 king
428 1548 454 1601 in
474 1548 640 1620 Normandy,
661 1549 737 1603 mede
750 1553 827 1619 great
840 1549 1021 1619 preparatione
1035 1554 1063 1604 to
1073 1569 1108 1620 go
1121 1555 1149 1604 to
1163 1551 1247 1606 Rome

242 1642 270 1687 to
283 1634 343 1688 look
357 1635 425 1689 alter
437 1636 479 1689 his
492 1641 625 1707 prospecte
638 1635 666 1689 in
680 1655 783 1707 person,
793 1636 846 1690 and
858 1637 911 1690 had
925 1636 1000 1690 made
1014 1636 1060 1691 the
1075 1641 1145 1691 most
1158 1637 1245 1692 lavish

242 1721 348 1792 ontlays
361 1727 389 1776 to
402 1742 497 1776 ensure
509 1742 618 1777 success.
656 1724 712 1777 The
724 1723 792 1793 king
805 1723 857 1777 had
870 1723 918 1777 left
931 1723 987 1777 him
1001 1723 1028 1777 in
1041 1723 1139 1795 charge
1152 1723 1182 1779 of
1200 1724 1246 1779 t-he

243 1808 381 1878 kingdom,
394 1829 423 1863 as
435 1810 508 1863 chief
514 1809 646 1881 justicias.
683 1811 740 1865 The
752 1814 864 1864 account
875 1810 998 1881 proceeds
1010 1812 1065 1880 :—]

278 1896 444 1966 Apparatum
464 1897 619 1968 hujusmodi
638 1898 754 1968 prudens
773 1916 817 1952 rex
831 1897 992 1953 Guillclrnus
1004 1898 1121 1963 edidicit,
1133 1898 1178 1953 sed
1193 1919 1244 1955 non

242 1979 407 2049 approbavit,
426 1999 559 2052 regnoque
572 1999 628 2045 suo,
640 1981 785 2051 multisque
798 1981 856 2035 aliis
870 1981 944 2035 valde
957 1981 1108 2036 nociturum
1127 1983 1244 2037 aestima-

243 2069 291 2120 vit.
329 2067 407 2120 Unde
422 2067 579 2122 festinanter
591 2068 619 2123 in
631 2068 759 2139 Angliam
772 2067 1008 2132 transfretantes
1020 2068 1107 2124 Odoni
1125 2069 1245 2140 episcopo

241 2172 302 2207 curn
315 2153 410 2224 grandi
423 2172 521 2225 pompa
534 2156 660 2226 navigare
673 2155 701 2209 in
714 2155 911 2209 Normanniam
924 2155 1050 2226 cupienti,
1063 2175 1094 2208 ex
1112 2156 1246 2227 insperato

242 2240 269 2294 in
289 2240 375 2295 insula
388 2242 493 2296 Vecta¹
506 2241 633 2297 obviavit.
670 2241 713 2296 Ibi
727 2243 854 2296 nimirum
868 2242 1037 2312 congregatis
1050 2241 1077 2295 in
1090 2242 1151 2297 aula
1163 2242 1246 2315 regali

241 2328 403 2398 primoribus
416 2329 492 2399 regni
505 2349 551 2384 rex
564 2330 602 2384 ita
615 2330 719 2384 locutus
731 2334 781 2384 est.

278 2421 293 2444 ‘⁴
303 2416 413 2486 Egregii
436 2436 562 2487 proceres,
581 2417 661 2471 verba
680 2436 739 2472 mea
758 2417 901 2487 diligenter
914 2417 1013 2482 audite,
1026 2421 1054 2471 et
1067 2414 1171 2470 salubre
1184 2435 1244 2470 con·

242 2501 332 2556 silium
354 2502 429 2565 mihi,
450 2522 547 2574 quaeso,
571 2502 688 2558 tribuite.
725 2505 878 2574 Antequam
898 2504 1113 2558 transfretassem
1133 2502 1162 2556 in
1175 2502 1244 2557 Nor·

175 2616 178 2621 ·
242 2589 386 2652 manniam,
400 2590 518 2659 regimen
529 2590 637 2660 Anglirs
650 2591 724 2644 fratri
739 2609 804 2654 mee,
818 2589 956 2660 Bajocensi
970 2591 1098 2663 episcopo,
1111 2609 1244 2645 commen·

242 2673 376 2729 daveram.
414 2676 446 2729 In
467 2677 633 2731 Normannia
653 2677 732 2731 multi
752 2682 845 2732 contra
863 2696 907 2732 me
920 2683 1101 2741 surrexerunt,
1115 2683 1150 2745 et,
1163 2683 1194 2732 ut
1206 2678 1246 2732 ita

242 2763 337 2823 dicam,
361 2758 462 2817 iutimi³
481 2769 508 2817 et
527 2763 648 2818 forinseci
669 2783 711 2817 ms
731 2765 896 2819 invaserunt.
934 2765 1066 2818 Robertus
1079 2764 1148 2818 filius
1161 2783 1245 2828 meus,

242 2854 270 2904 st
283 2850 382 2904 tirones
395 2869 460 2920 quos
473 2851 599 2913 enutriri,
613 2855 640 2905 et
653 2851 748 2922 quibus
761 2871 836 2905 arma
849 2851 917 2915 dedi,
931 2856 1023 2905 contra
1043 2870 1085 2906 me
1104 2851 1244 2905 rebellave-

243 2945 314 2999 runt,
328 2938 417 3008 eisquc
430 2939 481 2992 mei
492 2938 603 2993 malefici
616 2939 724 2994 clientes
734 2944 761 2994 ct
774 2939 882 2994 finitimi
896 2939 984 2993 hostes
993 2943 1150 3010 grantanter
1157 2939 1245 2994 adheu-

242 3030 342 3079 serunt.
379 3026 477 3080 Verum
498 3026 561 3090 Deo,
580 3026 655 3097 cnjus
668 3045 758 3080 serras
769 3045 836 3090 sum,
850 3046 891 3080 me
904 3032 1067 3098 protegente,
1080 3027 1118 3079 nil
1131 3026 1244 3097 profece-

242 3121 323 3177 runt3
343 3133 391 3168 nec
412 3114 444 3168 de
465 3133 522 3168 meo
535 3114 646 3186 aliquid,
658 3114 711 3168 nisi
724 3114 823 3168 ferrum
837 3115 864 3168 in
878 3113 1033 3168 vulneribus
1046 3114 1110 3178 suis,
1122 3115 1242 3169 obtinue-

242 3206 313 3255 runt.
350 3200 529 3272 conglobatos
547 3202 575 3255 in
595 3220 636 3256 me
650 3201 855 3272 Andagavenses
868 3207 976 3272 paratus
989 3202 1021 3256 ad
1034 3201 1133 3256 bellum
1145 3208 1245 3257 terrore

242 3289 392 3360 compressi,
414 3289 524 3361 parique
546 3290 623 3343 modo
639 3289 796 3342 rebellantes
809 3288 993 3343 Cenomannos
1007 3289 1088 3343 armis
1100 3294 1127 3343 et
1139 3289 1243 3343 viribus

242 3378 397 3449 compescui.
434 3379 487 3432 llis
507 3378 635 3432 nimirum
649 3376 866 3448 occupationibus
886 3378 957 3432 ultra
975 3397 1045 3432 mare
1060 3378 1179 3432 irretitus
1191 3377 1243 3443 fui,

242 3466 331 3537 ibique
349 3467 395 3520 diu
416 3471 543 3530 rnoratus,
563 3466 675 3537 publicis
696 3464 858 3520 utilitatibus
879 3464 1006 3520 laboriose
1017 3465 1156 3520 deservivi.
1194 3466 1243 3520 In·

243 3558 314 3607 terea
328 3553 409 3607 frater
421 3573 496 3608 meus
508 3554 637 3623 Angliam
651 3553 819 3607 vehementer
831 3552 969 3624 oppressit,
983 3558 1010 3607 et
1023 3552 1141 3607 ecclesias
1154 3552 1244 3607 fundis

243 3644 271 3693 et
294 3640 444 3694 redditibus
470 3641 636 3711 exspoliarit,
667 3640 832 3694 ornamentis
861 3640 895 3694 ab
926 3640 1134 3695 antecessoribus
1164 3640 1244 3694 editis

243 3727 363 3789 nudavit,
377 3727 528 3798 militesque
540 3746 620 3791 meos,
630 3727 676 3798 qui
688 3732 780 3782 contra
795 3727 885 3780 Danos
898 3732 926 3781 et
939 3727 1126 3789 Hibernenses,
1139 3734 1166 3780 et
1177 3726 1244 3780 alios

242 3815 331 3868 hostes
352 3813 419 3866 mihi
439 3814 519 3867 nimis
541 3813 658 3875 infestos,
679 3814 807 3884 Angliam
827 3814 908 3868 tutari
922 3814 1075 3876 debuerant,
1090 3813 1202 3876 seduxit,
1215 3817 1242 3867 et

242 3905 317 3957 trans
336 3901 418 3970 Alpes
440 3899 468 3953 in
490 3908 580 3954 extera
602 3919 692 3971 regna,
714 3920 756 3954 me
777 3905 937 3970 contempto,
954 3899 1104 3970 pertrahere
1117 3899 1242 3970 disponit.

242 3987 351 4042 Nimius
373 3986 446 4040 labor
464 4006 509 4040 cor
531 4004 618 4040 meum
637 3986 724 4055 angit,
745 3985 876 4056 principue
896 4002 943 4054 pro
963 3984 1078 4039 eeclesiis
1098 3985 1157 4048 Dei,
1177 4004 1242 4055 quas

280 4202 286 4233 ¹
302 4204 318 4255 3
332 4199 549 4258 Ord.Vital.189
563 4196 676 4268 (French
692 4197 763 4251 llist.
779 4197 856 4264 Soc).
975 4195 1053 4251 ²1sle
1065 4198 1095 4251 of
1104 4196 1208 4267 Wight.

673 4283 683 4314 ³
697 4283 820 4338 inimici?

720 4389 741 4432 u
759 4372 778 4431 2
