3000 4972
678 560 822 606 witmau
844 560 883 607 11.
1241 543 1281 605 65

344 711 440 775 priests
448 711 480 763 of
487 715 540 762 two
550 712 685 774 charchas,
696 713 825 776 resnlting
835 713 863 763 in
874 713 966 762 favour
976 711 1007 761 os
1019 710 1122 762 neither
1128 731 1136 772 ς
1152 711 1245 761 monka
1256 711 1287 762 ol*

345 790 505 932 grpfflmpther
515 792 614 841 eburch
630 791 727 854 having
745 791 897 840 intervened
915 789 1085 854 successtirlly
1095 789 1200 854 against
1218 790 1283 840 both

281 1067 353 1130 Eoo
368 1067 536 1132 Wlstanus
550 1067 655 1153 gratia
671 1068 732 1135 Dei
747 1068 968 1153 Wigornensis
983 1069 1146 1154 episcopus
1160 1068 1284 1135 decrevi

281 1179 438 1263 synodum
460 1201 651 1263 congregare
674 1180 707 1243 in
729 1181 918 1246 monasterio
951 1183 1074 1246 Sancta
1106 1181 1216 1245 Maria
1248 1180 1284 1245 in

281 1289 401 1374 criptis,
417 1312 494 1373 quas
509 1312 567 1374 ego
583 1314 601 1354 a
618 1291 833 1356 fundamentis
847 1290 1011 1369 aedificavi,
1033 1296 1066 1356 et
1088 1314 1143 1376 per
1163 1289 1285 1355 miseri·

282 1398 420 1464 cordiam
444 1400 505 1464 Dei
527 1406 634 1484 postea
657 1401 807 1465 dedicavi.
852 1400 930 1466 Haec
952 1401 1098 1486 synodus·
1111 1401 1222 1466 habita
1237 1405 1285 1466 est

281 1533 365 1574 anno
394 1509 569 1574 Dominicae
592 1510 825 1575 Incamationis
840 1510 990 1575 MXCII.
1013 1509 1185 1575 indictione
1207 1509 1283 1576 XV.

283 1619 334 1684 Ad
356 1621 438 1686 hanc
463 1620 620 1706 synodum
642 1621 771 1685 invitati
793 1627 1009 1686 convenerunt
1031 1644 1139 1687 omnes
1161 1620 1285 1707 sapien·

282 1730 413 1795 tissima
428 1754 565 1815 persona
580 1732 618 1795 de
633 1731 735 1795 tribus
757 1731 961 1796 comitatibus
983 1738 1097 1796 no‘strae
1119 1731 1284 1810 dioceseos,

282 1841 517 1924 Wigracestriae
550 1842 707 1921 videlicet,
747 1842 962 1922 Glaucestriae,
996 1841 1227 1921 Warewicciae3
1249 1863 1285 1907 eo

283 1952 368 2036 quod
391 1974 450 2036 ego
473 1951 636 2035 longevus
656 1953 789 2033 diemm,
805 1952 1057 2018 imbecillitatem
1072 1953 1208 2037 corporis
1223 1950 1286 2018 mei

284 2062 432 2141 sentiens,
454 2069 487 2128 et
509 2063 605 2128 finem
627 2063 702 2128 vitae
725 2087 801 2128 mea
823 2063 941 2128 instare
961 2063 1156 2149 intelligens,
1178 2063 1287 2150 cupie-

245 2222 253 2268 p
285 2174 357 2237 bam
380 2196 428 2237 res
451 2172 673 2239 ecclesiasticas
696 2181 809 2239 nostrae
832 2196 912 2238 curae
934 2174 1116 2239 commissas
1138 2174 1286 2239 canonice

248 2304 254 2363 ι
284 2290 429 2361 tractare,
453 2289 486 2347 et
508 2307 636 2368 quaque
659 2284 854 2349 emendanda
875 2285 980 2350 forent
1001 2284 1128 2349 illorum
1150 2282 1287 2369 sapienti

243 2417 251 2488 ιΙ
284 2394 413 2459 consilio
434 2394 589 2477 corrigere
611 2400 645 2460 et
666 2395 842 2460 emendare.
886 2396 1006 2460 Nostra
1027 2395 1134 2480 itaque
1157 2395 1288 2459 humili·

284 2512 351 2570 tate
382 2504 416 2568 in
438 2505 497 2569 hae
520 2505 639 2590 synodo
660 2506 857 2590 praesidente,
880 2512 949 2571 orta
971 2513 1020 2571 est
1050 2506 1174 2591 questio
1205 2505 1290 2573 inter

285 2616 363 2681 duos
383 2615 581 2700 presbiteros,
594 2615 786 2680 Alfnothum
800 2617 921 2682 scilicet
935 2617 1144 2701 presbiterum
1163 2618 1290 2682 Sanctae

286 2728 393 2792 Elenae
424 2733 457 2791 et
486 2726 582 2790 Alam
604 2727 813 2812 presbiterum
837 2728 947 2792 Sancti
981 2727 1109 2807 Albani,
1131 2726 1170 2792 de
1200 2750 1290 2812 paro·

285 2839 366 2905 chiis
388 2847 421 2905 et
442 2838 723 2903 consuetudinibus
745 2838 945 2903 ecclesiarum
979 2860 1118 2901 suarum.
1163 2839 1288 2902 Horum

286 2950 532 3035 presbiterorum
569 2948 734 3014 altercatio
777 2954 920 3013 sanctam
956 2947 1114 3033 synodum
1151 2947 1290 3012 multum

287 3060 433 3125 detinuit.
479 3060 572 3124 Hanc
594 3059 683 3124 litem
707 3082 766 3144 ego
788 3058 933 3124 canonice
956 3057 1128 3124 discindere
1150 3057 1290 3142 cupiens,

284 3171 365 3256 jussi
388 3171 523 3236 seniores
545 3193 685 3256 quosque
707 3176 740 3235 et
762 3171 877 3256 quibus
899 3169 1072 3235 notissimae
1087 3176 1193 3235 essent
1207 3170 1290 3234 anti-

288 3307 357 3369 quae
379 3281 600 3346 institutiones
622 3280 823 3346 ecclesiarum
844 3303 898 3345 seu
920 3279 1138 3365 parochiarum
1161 3280 1290 3365 Wigra·

289 3393 419 3472 cestria,
456 3392 624 3456 veritatem
668 3391 797 3471 edicere,
830 3397 899 3456 tam
943 3390 981 3456 de
1027 3390 1291 3474 supradictarum,

289 3526 385 3590 quam
400 3503 438 3567 de
453 3502 595 3568 omnium
611 3502 810 3566 ecclesiarum
835 3502 921 3567 urbis
944 3501 1187 3586 Wigracestriae,
1206 3502 1291 3566 anti·

289 3613 452 3699 quissimis
483 3611 740 3677 institutionibus
773 3618 806 3677 et
836 3612 1003 3696 parochiis.
1046 3613 1091 3675 Et
1113 3634 1186 3676 cum
1207 3612 1293 3678 inter

291 3723 543 3808 supradictorum
565 3722 809 3806 presbiterorum
824 3722 1084 3806 disceptationem
1099 3721 1228 3786 auditus
1244 3729 1292 3786 est

290 3859 310 3900 a
331 3839 441 3899 sancta
462 3833 581 3918 synodo
602 3834 721 3898 clamor
742 3834 876 3898 filiorum
900 3833 1045 3912 ecclesiae,
1067 3832 1292 3897 monachorum

290 3946 447 4024 videlicet,
470 3945 553 4029 quod
575 3945 638 4029 ipsi
667 3944 804 4029 dampna
837 3949 1020 4028 paterentur
1052 3965 1179 4006 suorum
1210 3944 1292 4008 redi·

290 4067 396 4137 tuum,
419 4080 497 4142 quos
521 4058 608 4141 juste
638 4056 751 4122 habere
783 4055 966 4120 debuissent
995 4052 1034 4117 de
1066 4075 1122 4116 sua
1155 4052 1292 4132 ecclesia,

293 4172 417 4236 Sanctae
439 4168 546 4233 Elenae
568 4167 687 4232 scilicet
708 4172 836 4251 propter
858 4170 926 4229 tam
957 4162 1141 4226 diuturnam
1173 4162 1292 4246 presbi-
1368 4207 1371 4211 .

291 4287 431 4348 terorum
447 4277 634 4346 discordiam
645 4277 740 4362 jussi,
754 4276 839 4341 sicut
852 4274 891 4339 de
914 4270 1170 4337 institutionibus
1195 4277 1291 4337 crate-

1146 4403 1163 4447 r
