3000 4972
641 549 749 593 anans
773 548 809 592 11.
1166 529 1226 592 183

228 699 298 762 triae
324 707 357 764 et
384 701 545 765 monachis
575 701 735 764 ecclesiam
767 699 876 764 Sancti
908 699 1056 778 Gundlei,
1081 704 1115 763 et
1144 697 1227 783 quod

228 810 432 875 Hercwaldus
469 818 545 876 tunc
577 811 793 875 Laudavcusis
827 809 1001 895 episcopus,
1030 833 1049 873 a
1080 808 1227 873 manibus

229 922 359 986 Roberti
382 923 420 986 de
445 924 539 1008 Haya
561 929 717 1007 receptam
741 922 849 985 abbati
874 922 996 986 Serloni
1023 920 1228 985 Gloucestrias

229 1033 370 1110 tradidit,
383 1038 416 1097 et
431 1056 504 1097 eum
527 1034 600 1098 inde
622 1032 770 1097 canonice
792 1032 969 1098 investivit.
1016 1033 1128 1098 Sedet
1150 1031 1229 1097 alios

228 1144 305 1207 duos
329 1145 398 1228 ejus
425 1144 604 1208 audivimus
628 1149 724 1208 testes
748 1143 862 1227 laycos,
878 1166 950 1206 cum
975 1167 1038 1208 uno
1061 1144 1229 1223 sacerdote,

227 1256 433 1320 testificantes
449 1280 481 1320 se
496 1257 610 1320 vidisse
634 1256 803 1318 monachos
824 1255 859 1318 iu
881 1255 1072 1339 possessione
1094 1254 1229 1320 eeclesias

231 1367 339 1430 Sancti
365 1366 515 1445 Gundlei,
530 1372 564 1431 et
585 1366 707 1431 eosdem
731 1367 900 1430 monachos
916 1367 1038 1430 fructus
1062 1367 1228 1451 percipere,

227 1484 260 1541 et
281 1477 364 1561 quod
390 1477 447 1540 sub
472 1485 579 1541 nostro
595 1485 763 1560 conspectu
779 1478 887 1541 testati
904 1483 989 1555 sunt,
1005 1481 1229 1561 consequenter

224 1589 405 1672 juramento
422 1586 696 1651 confirmaverunt.

273 1701 342 1763 Ista
357 1699 536 1762 audivimus
552 1704 584 1762 et
599 1697 750 1776 vidimus,
762 1703 795 1761 et
809 1697 874 1761 haec
889 1703 1055 1777 testamur,
1071 1701 1142 1763 etc.¹

263 1847 407 1913 [Theobald
418 1853 521 1909 reporta
530 1847 588 1895 that
600 1846 632 1894 he
643 1861 709 1908 gavc
717 1845 856 1908 Judgmcnt
868 1846 1043 1909 accordingly,
1055 1847 1104 1895 but
1114 1847 1174 1895 that
1185 1845 1231 1896 the

229 1927 378 1985 defendant,
398 1927 453 1974 carl
466 1926 495 1974 ct'
510 1926 549 1984 G,
568 1923 672 1974 refused
687 1922 832 1973 obedience.
866 1924 907 1973 Hc
925 1926 986 1974 aske
1006 1925 1046 1973 for
1063 1940 1097 1973 an
1117 1926 1230 1974 cusorce·

227 2008 301 2052 ment
312 2005 342 2052 of
350 2005 395 2053 the
402 2000 567 2068 jndgmcnt]

272 2119 480 2197 Theobaldus,
504 2116 565 2181 Dei
588 2116 694 2200 gratia
710 2115 947 2179 Cantuariensis
969 2115 1230 2200 archiepiscopus,

229 2231 412 2311 Anglcrnm
437 2230 568 2314 primas,
584 2227 773 2312 Apostolicm
790 2227 879 2291 Sedis
895 2227 1029 2310 legatus,
1045 2227 1231 2291 venerabili-

229 2341 289 2404 bus
304 2341 455 2406 fratribus
470 2347 502 2403 et
518 2338 627 2402 amicis
643 2339 782 2402 Roberto
806 2337 1025 2416 Bathoniensi,
1041 2344 1073 2402 et
1090 2338 1230 2403 Johanni

231 2450 458 2536 Wygornieusi
481 2448 643 2532 episeopis,
667 2447 813 2511 salutem.
861 2447 956 2513 Quod
978 2471 997 2511 a
1021 2448 1112 2513 nobis
1139 2472 1232 2534 super

231 2562 358 2626 ecclesia
383 2561 475 2625 Beati
491 2559 629 2624 Gundlei
651 2564 779 2642 gestum
802 2566 860 2635 est,
885 2564 918 2623 et
940 2581 1002 2642 qua
1023 2558 1144 2624 ratione
1163 2583 1233 2624 eam

233 2670 403 2735 Hamclino
425 2671 532 2734 abbati
554 2675 587 2733 et
610 2670 771 2733 monachis
797 2669 1008 2747 Gloncestrioe,
1025 2669 1233 2749 restituimus,

231 2782 377 2866 prasenti
394 2782 510 2864 scripto
527 2781 614 2844 vobis
629 2780 854 2863 significamus.

277 2893 438 2958 Quoniam
460 2892 561 2974 igitur
576 2891 631 2953 W.
657 2912 758 2953 eomes
775 2889 978 2953 Gloueestriae
995 2891 1035 2954 ad
1056 2890 1140 2954 diem
1163 2914 1233 2975 pcr-

232 3002 434 3086 emptorinm,
450 3009 524 3065 ante
547 3007 686 3064 nostram
711 3000 919 3083 praesentiam,
936 3001 1064 3064 omnino
1088 3024 1234 3086 apparere

232 3115 433 3197 contempsit,
450 3120 482 3178 ct
499 3113 667 3177 Homolino
683 3112 789 3176 abbati
804 3117 837 3176 et
852 3112 1014 3176 monachis
1030 3113 1235 3178 Gloucestriae

232 3247 327 3307 super
349 3222 476 3287 ecclesia
492 3224 584 3288 Beati
602 3222 741 3287 Gundlei
758 3222 950 3307 respondere,
965 3247 1027 3307 qua
1049 3246 1101 3288 eos
1115 3223 1235 3309 injuste

233 3336 437 3419 spoliaverat,
461 3334 620 3399 sententia
646 3334 796 3398 canonica
820 3333 971 3413 dictante,
987 3334 1047 3420 ipsi
1073 3334 1180 3399 abbati
1202 3341 1236 3399 et

233 3447 300 3529 ejus
316 3447 477 3510 monachis
500 3447 661 3530 praefatam
685 3445 846 3510 ecelesiam
862 3444 1010 3510 canonico
1026 3447 1235 3512 restituimus.

235 3558 329 3623 Quod
344 3558 369 3620 si
385 3559 583 3641 praescriptus
595 3580 698 3620 comes
720 3579 772 3620 eos
787 3562 898 3620 contra
913 3556 1103 3620 sententiam
1119 3557 1237 3621 diffini-

235 3668 523 3750 tivam,quailla1n
547 3668 706 3732 ecclesiam
730 3667 835 3750 adepti
858 3673 941 3742 sunt,
959 3672 991 3731 et
1013 3689 1032 3730 a
1054 3668 1143 3731 nobis
1165 3667 1238 3732 inde

234 3777 390 3855 investiti,
402 3801 514 3842 vexare
536 3780 778 3861 praesumpserit,
794 3778 1001 3843 ecclesiastica
1024 3779 1144 3843 ultione
1165 3802 1238 3844 eum

235 3887 408 3951 seeundum
425 3888 562 3952 officium
577 3890 668 3953 vobis
683 3913 737 3972 per
751 3890 906 3973 dyoeceses
923 3895 1042 3952 vestras
1057 3888 1239 3972 injunctum

236 3997 402 4061 coerceatis
425 4003 458 4061 ct
480 4000 693 4082 compescatis,
710 4005 743 4062 ct
763 3999 953 4062 sententiam
975 4021 1069 4081 qnam
1094 3998 1241 4063 dominus

239 4108 453 4173 Laudavcnsis
469 4109 630 4192 episcopus
642 4109 676 4172 in
685 4131 755 4172 eum
772 4109 887 4171 horum
902 4109 1060 4172 occasione
1075 4108 1242 4191 protulerit

714 4293 721 4324 ¹
734 4293 784 4341 Sic.
