3000 4972
246 516 307 579 176
469 533 603 578 cmcrm
626 532 973 578 ausae-nonnam.

245 684 299 769 qui
314 690 393 749 tuuc
407 686 558 770 temporis
573 685 718 750 dominus
744 685 834 749 fundi
859 684 1043 763 videbatur,¹
1072 705 1163 768 super
1187 683 1248 747 lioc

246 795 355 859 multis
371 797 470 861 modis
485 803 669 875 conventus,
697 803 729 861 et
759 819 813 880 per
837 795 995 873 comitem,
1020 793 1247 872 vicecomitem,

244 906 439 971 abbatemet
455 930 525 971 suos
541 908 719 992 requisitus,
734 930 789 991 per
800 906 971 991 plurimum
992 911 1119 988 tempus
1138 911 1247 968 actum

244 1017 448 1103 subterfugit,
464 1024 496 1083 et
512 1042 550 1083 nc
565 1019 746 1082 conflictum
761 1018 856 1082 iniret
871 1016 1089 1100 multipliciter
1100 1015 1246 1079 dissimu-

243 1127 332 1192 lavit.
380 1130 473 1193 Unde
488 1129 562 1193 licet
576 1128 749 1212 plurimum
763 1134 890 1211 tempus
905 1149 990 1190 casso
1008 1126 1111 1191 labore
1135 1147 1246 1190 cousu-

244 1246 392 1319 meretur,
408 1239 511 1303 noluit
526 1248 634 1304 tamen
650 1240 745 1302 abbas
766 1239 875 1321 coeptis
899 1237 1053 1313 desistere,
1070 1237 1122 1300 sed
1146 1236 1245 1299 domi-

244 1373 321 1414 num
347 1373 453 1435 regem
471 1356 542 1415 tum
559 1373 612 1436 per
628 1374 670 1429 se,
684 1357 756 1414 tum
770 1373 825 1434 per
848 1371 919 1411 suos
943 1371 1023 1433 saepe
1048 1347 1247 1423 conveniens,

244 1468 282 1525 ut
308 1485 400 1526 causa
425 1463 493 1546 ipsa
516 1465 550 1527 in
577 1463 695 1526 curiam
722 1463 844 1544 regiam
869 1462 1091 1525 transferretur
1115 1459 1244 1523 tandem

244 1573 393 1637 obtinuit.
441 1573 501 1638 Sed
516 1574 642 1637 domino
659 1595 731 1656 rege
747 1573 879 1636 nuncin
896 1571 1128 1636 Normanniem
1143 1577 1246 1634 trans-

243 1685 391 1764 fretante,
408 1685 541 1748 nuncin
556 1684 709 1768 Angliam
726 1684 885 1764 redeunte,
901 1682 1098 1767 negotiisque
1112 1681 1246 1767 propriis

243 1796 420 1877 insistente,
450 1819 521 1859 cum
552 1818 645 1859 carisa
673 1795 780 1858 eadem
806 1818 909 1858 eoram
935 1794 1072 1878 justiciis
1098 1795 1152 1877 qui
1178 1776 1245 1857 viee

245 1908 328 1990 regis
344 1908 376 1969 in
392 1908 461 1991 ejus
477 1906 563 1969 curia
577 1905 784 1990 praesidebant
799 1905 920 1969 diutius
942 1904 1157 1982 ventilaretur,
1171 1902 1246 1967 lieet

245 2038 299 2079 rex
314 2038 398 2079 nunc
413 2016 572 2079 mandatis
588 2038 671 2079 nune
693 2017 856 2100 praeceptis
882 2017 991 2081 abbati
1015 2016 1245 2101 plenitudinem

243 2125 377 2208 justitiae
415 2125 666 2209 frequentissime
708 2128 859 2192 indiceret
899 2128 1049 2204 exhiberi,
1083 2149 1246 2210 nunquam

244 2242 350 2300 tamen
368 2259 415 2300 res
431 2237 529 2320 digno
545 2237 650 2320 potuit
666 2237 727 2318 fine
742 2238 894 2303 concludi.
939 2239 1078 2302 Domine
1092 2261 1164 2323 rege
1175 2244 1246 2301 tau-

245 2349 316 2412 dem
347 2347 430 2430 apud
460 2347 689 2412 Clarendonam
719 2372 838 2413 moram
869 2350 1012 2429 faciente,
1038 2339 1110 2434 post
1145 2349 1248 2413 multa

246 2458 381 2523 edversae
395 2459 495 2543 partis
511 2458 718 2543 subterfugia,
729 2468 800 2543 post
809 2460 1074 2525 dissimulationes
1085 2461 1247 2545 plurimes,

246 2576 318 2655 post
332 2569 455 2634 abbatis
470 2576 502 2634 et
518 2593 646 2634 suorum
670 2570 874 2654 fatigationes
894 2572 1106 2658 multimodae,
1123 2570 1248 2655 utrique

246 2682 329 2765 parti
343 2681 430 2764 regia
444 2681 596 2744 indicitur
610 2683 809 2759 auctoritate,
822 2689 859 2746 ut
871 2683 921 2746 die
930 2683 1149 2761 determinato,
1161 2683 1247 2765 regio

246 2793 397 2856 tribunali
412 2792 495 2875 apud
518 2792 620 2856 locum
645 2793 821 2877 praefatum,
846 2793 913 2857 sine
938 2793 1024 2857 omni
1051 2793 1248 2876 subterfugio

246 2910 279 2968 et
295 2903 543 2968 dissimulatione
558 2904 691 2968 debeant
707 2904 824 2987 pariter
839 2904 992 2969 assistere.
1038 2904 1121 2968 Cum
1147 2904 1248 2986 igitur

247 3017 439 3080 excusationi
454 3017 521 3098 jam
536 3015 621 3078 loeus
637 3039 699 3079 non
714 3022 805 3093 esset,
822 3023 932 3080 assunt
947 3015 1107 3099 utrinque,
1121 3015 1248 3079 domine

247 3151 321 3212 rege
335 3150 391 3210 pro
406 3127 557 3190 tribunali
573 3127 737 3191 residente.
782 3131 902 3191 Astant
926 3128 959 3191 in
983 3127 1085 3190 medio
1105 3149 1188 3190 unus
1210 3149 1248 3189 ex

248 3237 408 3301 monachis
423 3237 546 3301 abbatis
562 3238 746 3301 Osmundus
761 3238 899 3315 nomine,
915 3244 947 3301 et
963 3238 1078 3301 Petrus
1089 3237 1127 3300 de
1143 3235 1247 3300 Chriel

248 3344 348 3423 mileS,
364 3345 418 3429 qui
434 3346 472 3408 ab
488 3345 580 3409 initio
594 3345 694 3409 totius
709 3346 801 3410 curiae
817 3347 1011 3432 incipientes,
1020 3346 1154 3430 qualiter
1167 3349 1249 3430 jem·

248 3456 335 3521 dicta
348 3461 432 3519 terra
447 3456 484 3519 de
501 3457 709 3533 Bernehorne‚
727 3480 765 3520 ex
779 3463 868 3541 parte
883 3459 980 3522 fuerit
995 3457 1129 3523 ecclesiae
1139 3458 1249 3522 Sancti

249 3565 383 3629 Martini
399 3565 437 3629 de
453 3564 540 3629 Bello
555 3566 641 3646 data,
655 3590 694 3631 ex
710 3574 799 3652 parte
813 3576 1004 3655 comparata,
1020 3570 1155 3655 qualiter
1164 3577 1249 3654 post-

249 3678 378 3741 modum
416 3675 533 3754 ablata,
563 3700 723 3763 quousque
753 3680 849 3744 etiam
884 3683 951 3765 jam
989 3706 1043 3767 per
1075 3683 1249 3766 plurimum

249 3796 373 3873 tempus
396 3793 469 3870 post
492 3787 559 3850 litis
583 3788 759 3872 ingressum
785 3796 981 3855 transactum
1005 3815 1182 3878 processum
1208 3793 1251 3857 sit

248 3901 281 3964 in
297 3922 400 3978 eausa,
416 3921 520 3963 eoram
544 3922 617 3983 rege
642 3907 673 3963 et
697 3902 766 3984 ejus
790 3903 993 3967 assessoribus
1015 3927 1054 3968 cx
1072 3904 1179 3969 ordine
1197 3928 1250 3968 ex-

248 4018 430 4096 posuerunt,
451 4011 597 4094 conqueri
621 4011 716 4075 etiam
740 4012 921 4098 adjicientes
944 4037 1036 4099 super
1059 4016 1196 4099 plurima
1219 4020 1252 4078 et

251 4122 449 4207 dispendiosa
464 4121 584 4205 negotii
607 4121 767 4202 dilatione,
783 4130 815 4188 et
837 4125 960 4189 abbatis
982 4148 1018 4190 ac
1040 4149 1169 4191 suorum
1192 4128 1251 4190 fre·

285 4254 292 4285 ¹
313 4259 353 4306 He
365 4257 425 4306 held
437 4256 510 4304 three
518 4257 633 4318 knights'
646 4257 699 4306 sees
709 4257 738 4307 of
750 4259 817 4307 John
829 4261 883 4309 carl
895 4261 925 4309 of
934 4262 980 4310 Eu.
1008 4263 1022 4310 1
1035 4263 1091 4311 Lib.
1101 4262 1161 4325 mg.
1170 4263 1210 4312 66.
