3000 4972
334 543 395 602 262
564 559 695 604 amens
717 557 1064 604 anouononuanmon.

332 718 365 774 et
402 711 537 775 haeredes
576 710 636 786 sui,
666 709 762 794 longo
791 717 932 792 tempore
962 709 1000 773 de
1030 708 1180 793 predicto
1222 712 1349 776 Sancto

333 823 491 906 Stephano
521 828 701 887 tennerunt.
748 823 976 886 Verumtamen
1012 822 1045 885 in
1075 821 1187 887 diebus
1218 844 1346 897 eorum,

332 934 474 1018 quaedam
497 956 570 1016 pars
594 940 683 996 terrae
707 933 862 1013 praedictae
888 933 1072 1011 mansionis,
1087 933 1252 997 subtracta
1276 933 1344 996 fuit

333 1058 365 1108 et
388 1051 530 1127 separata
554 1066 625 1106 cum
647 1044 728 1106 dolo.
776 1044 938 1107 Johannes
952 1049 1060 1107 autem
1076 1043 1161 1106 filius
1175 1042 1340 1123 Nicholai,

333 1152 564 1219 mercennarius
585 1153 623 1217 de
647 1153 812 1217 Londonia
834 1154 914 1216 hanc
945 1152 1126 1236 predictam
1156 1160 1276 1216 terram
1300 1154 1340 1218 de

333 1265 494 1330 mansione
512 1263 620 1327 Sancti
646 1262 800 1346 Stephani
821 1269 998 1345 separatam
1014 1269 1110 1346 atque
1126 1262 1339 1342 subtractam,

333 1401 401 1461 qum
438 1375 638 1440 latitudinem
668 1374 832 1437 duodecim
863 1375 978 1456 pedum
1015 1375 1111 1438 habet
1147 1373 1181 1437 in
1218 1375 1338 1455 fronte,

332 1488 480 1552 liberavit
526 1485 663 1550 Ricardo
708 1485 773 1548 tilio
811 1484 939 1547 Edithae
976 1483 1065 1566 quasi
1103 1484 1143 1548 ad
1180 1484 1337 1551 feodalem

334 1600 466 1676 firmam,
496 1598 529 1660 in
560 1605 700 1679 tempore
732 1595 959 1678 persecutionis
989 1617 1057 1677 quae
1088 1594 1150 1658 fuit
1173 1595 1233 1660 sub
1259 1618 1338 1680 rege

331 1709 500 1791 Stephano.
547 1709 619 1771 Quo
643 1713 778 1784 mortuo,
803 1705 961 1768 Henricus
983 1705 1048 1767 dux
1074 1704 1282 1769 Normanniae
1304 1713 1338 1772 et

332 1818 524 1901 Aquitania,
540 1840 675 1899 regnum
693 1816 832 1899 Angliae,
850 1815 918 1878 Deo
933 1821 1104 1893 annuente,
1119 1816 1251 1898 adeptus
1276 1824 1337 1895 est,

332 1929 385 2011 qui
411 1952 428 1990 a
456 1928 523 1991 Deo
547 1928 741 1990 constitutus
764 1933 812 1989 est
827 1949 884 1989 rex
899 1925 1054 2008 gloriosus
1069 1931 1103 1988 et
1118 1924 1219 1992 fortis.
1265 1927 1335 1990 Sub

331 2062 403 2120 (1110,
435 2037 626 2100 tt'illiehnus
656 2037 752 2099 abbas
791 2036 871 2100 rexit
902 2036 1131 2099 Cadumensem
1161 2034 1336 2100 ecelesiam.

334 2148 397 2211 Qui
420 2147 550 2208 audiens
573 2148 653 2208 lianc
677 2146 864 2209 divisionem
888 2145 1015 2217 factam,
1032 2145 1086 2210 illo
1101 2146 1273 2225 nesciente,
1295 2148 1336 2213 de

330 2265 412 2319 terra
429 2255 538 2318 Sancti
556 2256 721 2337 Stephani,
738 2256 825 2318 venit
840 2248 1050 2334 Londoniam,
1066 2278 1138 2319 cum
1154 2256 1282 2340 scriptis
1302 2264 1337 2323 et

330 2366 560 2429 munitionibus
584 2365 667 2448 rogis
692 2366 833 2443 Hernici,
850 2366 889 2428 ad
904 2366 1052 2430 comitem
1068 2366 1279 2448 Legecestriae
1302 2374 1336 2433 et

331 2477 521 2541 Umfredum
545 2476 711 2554 Bocointn,
734 2476 951 2541 vicecomitem
976 2477 1158 2541 Londoniae.
1206 2479 1335 2543 Quibus

330 2612 385 2652 rex
411 2587 568 2652 Henricns
591 2586 772 2663 mandabat,
796 2587 878 2669 qnod
902 2588 971 2670 ipsi,
995 2589 1032 2651 de
1056 2588 1178 2651 civibus
1192 2588 1335 2654 civitatis

330 2699 503 2764 Londoniae
534 2700 699 2762 veritatem
731 2697 889 2775 audirent,
920 2698 1050 2762 consilio
1084 2699 1254 2783 Hustingi,
1278 2723 1335 2783 per

331 2819 528 2876 sacramenta
552 2809 704 2892 legalium
735 2808 911 2884 hominum,
941 2809 979 2873 de
1010 2815 1093 2873 terra
1124 2809 1233 2874 Sancti
1262 2811 1335 2876 Ste-

329 2922 427 3005 phani
443 2923 481 2986 de
497 2921 650 2999 Cadom03
675 2921 855 3003 vocatisque
871 2920 934 2983 illis
950 2921 1003 3004 qui
1020 2928 1136 2984 terram
1153 2926 1336 3000 tenuerant,

330 3032 357 3094 si
373 3033 516 3096 venirent
543 3082 549 3096 .
577 3081 583 3095 .
611 3083 617 3097 .
645 3032 671 3094 si
687 3031 793 3095 venire
808 3031 979 3109 noluerint,
992 3031 1159 3094 veritatem
1175 3031 1334 3097 audirent.

331 3143 396 3206 Qui
434 3142 597 3206 audientes
635 3142 822 3206 mandatum
853 3141 947 3223 regis,
977 3140 1133 3204 miserunt
1169 3141 1270 3224 primo
1301 3148 1335 3208 et

329 3253 465 3315 secundo
492 3275 589 3334 usquc
616 3252 655 3315 ad
679 3253 822 3330 tertium,
845 3252 884 3315 ad
910 3253 930 3313 J
933 3252 1088 3315 ohannem
1110 3258 1143 3315 et
1158 3251 1333 3316 Ricardum

329 3361 383 3443 qui
400 3370 514 3424 terram
531 3367 708 3438 tenuerant,
724 3363 809 3445 quod
825 3362 970 3425 venirent
986 3361 1019 3424 in
1039 3362 1207 3446 Hustingo
1223 3362 1334 3427 audire

329 3471 513 3533 mandatnm
546 3471 640 3551 regie,
671 3478 704 3533 ct
733 3472 900 3534 veritatem
930 3480 962 3535 et
989 3472 1157 3555 judicium,
1181 3473 1219 3536 de
1248 3480 1334 3538 terra

330 3579 441 3644 Sancti
479 3579 643 3662 Stephani,
681 3603 775 3663 (luam
813 3588 1001 3660 tenuerant3
1038 3583 1092 3666 qui
1129 3584 1332 3665 divertenteS,

327 3712 429 3774 neque
444 3690 485 3752 ad
500 3689 649 3772 primum,
661 3712 760 3773 neque
776 3690 815 3753 ad
831 3692 1014 3771 seeundum,
1030 3715 1130 3777 neque
1145 3694 1184 3757 ad
1200 3695 1331 3759 tertium

328 3807 482 3864 venerunt
500 3798 711 3882 Hustingum.
759 3801 779 3861 J
783 3800 894 3863 usticia
909 3824 981 3865 vero
997 3812 1029 3867 et
1045 3805 1099 3887 qui
1115 3806 1256 3883 aderant,
1271 3806 1331 3870 hoc

328 3913 480 3991 videntes,
506 3913 646 3976 fecerunt
668 3912 854 3974 mandatum
879 3913 972 3996 regis.
1018 3917 1062 3978 Et
1086 3939 1141 3999 per
1162 3939 1331 3981 commune

328 4023 492 4088 consilium
518 4024 556 4087 de
582 4023 746 4106 Hustingo
763 4023 933 4086 secundum
950 4033 1139 4108 praeceptum
1158 4027 1251 4110 regis,
1266 4025 1329 4090 ele-

328 4142 446 4217 gerunt
461 4135 697 4219 quatuordecim
711 4133 795 4198 viros
810 4135 848 4198 de
864 4135 984 4200 civibus
1001 4137 1141 4201 civitatis
1157 4135 1330 4201 Londoniae

327 4247 381 4330 qui
415 4246 614 4331 juraverunt.
661 4248 705 4309 Et
736 4269 791 4329 per
822 4255 1052 4312 sacramentum
1087 4255 1120 4312 et
1145 4272 1200 4332 per
1228 4272 1329 4314 recor·
