3000 4972
298 511 359 573 152
549 528 681 572 riscus
704 527 1049 572 suero-nonuunmcr.

298 683 426 766 plenum
445 680 768 745 u‹›straeauctoritatis
784 679 880 743 robur
894 679 1104 758 concedimus,
1114 686 1147 743 et
1162 679 1310 762 praesatas

300 793 444 857 ecclesias
470 792 531 876 ipsi
562 791 697 856 ecclesiae
722 791 927 855 Gloucestriae
954 791 1100 874 praesenti
1127 791 1245 874 scripto
1276 790 1309 852 in

300 909 489 988 perpetuum
507 903 740 966 confirmamus.

334 1045 527 1126 [Anoiborend
540 1077 610 1111 more
626 1062 745 1110 voluable
764 1062 854 1111 record
871 1061 899 1110 of
916 1062 971 1111 this
990 1063 1131 1125 litigation,
1149 1064 1255 1111 written
1273 1064 1311 1126 by

301 1141 348 1189 the
365 1140 485 1202 plaintiff,
497 1139 577 1187 abbot
594 1137 896 1195 (subornationem
913 1138 1018 1186 become
1037 1138 1129 1200 bishop
1148 1138 1176 1187 of
1193 1139 1310 1199 Linooln,

305 1220 328 1267 is
339 1219 396 1267 also
407 1218 485 1280 given
494 1218 521 1264 in
534 1216 578 1265 the
591 1231 661 1264 samo
673 1216 823 1263 connexion
858 1215 885 1262 It
896 1216 919 1263 is
930 1231 960 1264 as
970 1215 1070 1264 follows
1080 1215 1134 1280 :-]

349 1341 485 1405 Dilectis
500 1339 561 1403 sibi
573 1339 606 1402 in
619 1339 756 1402 Domino
767 1338 920 1402 universis
934 1340 1057 1403 Sanctae
1067 1340 1214 1404 Ecclesiae
1226 1340 1311 1419 filiis,

304 1453 403 1517 frater
419 1451 592 1528 Gilbertus,
610 1449 839 1513 Londoniensis
855 1449 990 1513 ceclesiae
1006 1450 1161 1528 minister,
1173 1451 1311 1515 salutem

304 1589 373 1651 quae
390 1586 473 1629 nuno
488 1570 546 1642 cst,
562 1570 596 1627 et
607 1584 702 1646 quam
724 1583 886 1644 speramus
903 1584 923 1624 a
938 1561 1086 1626 Domino.
1130 1561 1311 1626 Elabuntur

306 1682 459 1758 tempora,
478 1681 510 1738 ct
537 1674 570 1736 in
594 1671 784 1736 oblivionem
811 1671 913 1735 multa
936 1673 1135 1755 pertrahunt,
1161 1695 1231 1756 quae
1249 1672 1311 1735 nisi

310 1785 436 1870 scriptis
451 1785 658 1868 excipiantur,
674 1782 714 1847 ed
730 1781 911 1846 memoriam
927 1805 991 1846 non
1005 1782 1096 1846 facile
1110 1782 1314 1848 reducuntur.

307 1897 385 1960 Inde
401 1901 450 1961 est
472 1894 556 1979 quod
577 1892 780 1956 universitati
795 1900 905 1957 vestrae
925 1894 1072 1976 praesenti
1097 1894 1235 1973 notific0,
1250 1917 1311 1972 me,

305 2007 382 2070 dum
397 2028 505 2069 curam
518 2003 769 2068 Gloucestrensis
784 2003 929 2077 ecclesiae,
942 2004 1147 2088 permittente
1163 2004 1310 2077 Domino,

306 2115 572 2192 administrarem,
588 2115 622 2177 in
637 2114 834 2200 inquirendis
848 2120 881 2178 ct
892 2114 1087 2199 requirendis
1102 2116 1173 2199 ejus
1187 2137 1308 2198 posses·

305 2226 446 2291 sionibus
456 2225 592 2290 exofficii
602 2225 998 2310 susceptidebitodebitam
1008 2226 1250 2290 sollicitudinem
1257 2227 1312 2291 ad·

308 2338 458 2416 hibuisse,
471 2343 503 2400 et
516 2345 582 2400 tam
592 2359 630 2400 ex
639 2345 796 2401 cartarum
807 2336 1003 2422 quarundam
1014 2337 1208 2422 inspectione
1217 2361 1312 2423 quam

306 2447 1312 2535 totiusetiamconventusGloueestriaeuliarumqucpersonarum

307 2561 575 2646 quamplurimum
592 2559 805 2638 attestatione,
817 2559 982 2624 manifeste
997 2560 1183 2644 cognovisse
1193 2559 1312 2624 Rober-

306 2678 378 2736 tum
402 2673 545 2750 Gcrnun,
568 2671 644 2734 dum
659 2670 768 2735 villam
788 2670 826 2734 de
847 2670 1077 2735 Wireeesburia
1098 2676 1132 2735 et
1146 2671 1255 2735 villam
1274 2671 1313 2735 de

308 2782 541 2847 Laverkestoke
565 2783 657 2866 pleno
680 2783 753 2865 jure
774 2789 807 2845 et
821 2781 949 2865 integro
972 2781 1111 2846 dominio
1127 2781 1312 2865 possideret,

307 2894 492 2979 priusquam
502 2895 602 2957 honor
617 2893 680 2972 ille,
690 2893 745 2977 qui
761 2892 883 2955 dudum
898 2892 961 2955 fuit
973 2892 1105 2956 Robcrti
1120 2892 1313 2971 Gernun,ad

308 3005 507 3068 Willelmum
523 3003 561 3068 de
571 3005 767 3068 Muntfiehet
776 3010 897 3088 putrem
909 3003 1045 3067 Gilberti
1059 3004 1098 3067 de
1114 3005 1311 3069 Muntfichet

309 3113 476 3177 devolutus
485 3119 577 3191 esset,
586 3114 729 3177 ccclesias
742 3115 809 3196 jam
826 3113 982 3176 dictarum
998 3113 1145 3177 villarum
1158 3114 1313 3179 Wircecs·

309 3224 396 3287 biriae
419 3224 548 3299 scilicet,
563 3229 596 3285 et
619 3223 862 3301 Laverkcstoke,
877 3224 1012 3288 ecclesiae
1034 3223 1148 3289 beatri¹
1164 3223 1252 3290 Petri
1275 3225 1313 3292 dc

311 3333 711 3411 Gloucestriaoonoessisse,
720 3340 753 3397 ct
765 3356 872 3417 regem
884 3335 1058 3399 chricum
1074 3335 1214 3420 primum
1230 3337 1312 3401 hanc

310 3444 654 3528 ejusdonationem,sub
664 3445 930 3509 multanobilium
940 3446 1031 3530 regni
1041 3448 1090 3511 sui
1100 3449 1313 3527 attestatione,

310 3561 398 3619 carta
419 3560 528 3618 suaet
548 3551 654 3636 sigillo
678 3555 901 3620 corroborasse.
946 3557 1126 3621 Attendens
1151 3558 1259 3642 itaque
1281 3566 1315 3623 et

312 3665 484 3728 multorum
499 3664 705 3729 attestatione
719 3686 910 3748 cognoscens
923 3667 1084 3731 eeclesiam
1099 3670 1315 3749 Gloucestriae,

310 3776 363 3840 cui
379 3781 455 3839 tunc
479 3797 638 3859 praeeram,
655 3782 843 3840 memoratas
865 3776 1008 3841 ecclesias
1032 3801 1051 3841 a
1073 3784 1214 3863 tempore
1230 3782 1315 3865 regis

313 3887 445 3953 Henrici
461 3909 559 3971 usque
582 3886 621 3950 ad
637 3894 763 3971 tempus
782 3887 866 3970 regis
883 3888 1048 3971 Stephani,
1067 3913 1130 3974 quo
1145 3914 1209 3974 pax
1225 3894 1315 3975 regni

312 3998 440 4063 turbata
465 4005 525 4078 cst,
549 3997 731 4082 possedisse,
756 3998 919 4061 dominnm
938 3999 1035 4063 etium
1061 4001 1313 4066 Lincolnicnsem

312 4109 349 4172 ad
375 4107 498 4171 abbatis
531 4117 563 4171 et
596 4114 771 4171 conventus
800 4107 1005 4172 Gloucestriae
1039 4113 1314 4194 presentationem

767 4261 776 4295 ¹
794 4263 864 4312 beati
