3000 4972
660 567 831 612 sruuunrx.
1187 554 1249 614 299

233 717 382 786 ⁴[Parrsrs
400 736 437 774 or
456 719 663 774 llssnsosos
679 738 700 774 o.
715 720 796 774 Essa
809 720 949 776 Eusrscs.
987 722 1071 778 Wrur
1083 739 1121 778 os
1133 724 1249 780 erssr

662 822 699 861 or
717 806 842 877 Sarmm]

280 905 381 959 Dicunt
403 905 523 960 homines
542 905 588 977 qui
606 906 768 977 jnraverunt
792 907 820 962 in
846 907 1023 973 Huntedune,
1045 912 1115 981 quod
1134 912 1249 968 aeclesia

243 992 347 1048 Sanctae
360 994 454 1049 Marisa
463 994 495 1048 de
507 993 592 1065 burgo
603 1000 630 1049 et
641 999 712 1049 terra
724 1014 784 1065 qum
798 995 832 1050 sd
844 1016 902 1051 eam
919 998 1035 1068 pertinet
1053 998 1108 1053 fuit
1125 1001 1248 1056 aecclesias

243 1081 276 1134 do
292 1081 391 1151 Tomy,
408 1080 454 1135 sod
467 1080 547 1135 abbas
560 1081 709 1137 invadiavit
728 1101 786 1137 eam
799 1083 985 1154 burgensibus.
1023 1086 1079 1141 Rex
1101 1088 1249 1143 Edwardus

244 1170 332 1219 autem
346 1167 419 1221 dedit
431 1186 490 1221 eam
503 1168 586 1222 Vitali
599 1174 626 1223 et
638 1168 773 1223 Bernardo
785 1171 947 1241 presbyteris
965 1174 1030 1236 suis,
1043 1178 1070 1227 et
1088 1174 1137 1245 ipsi
1158 1175 1247 1230 vendi-

244 1253 341 1308 derunt
366 1255 478 1325 Hugoni
503 1256 645 1309 camerario
670 1257 740 1325 rogis
764 1257 896 1312 Edwardi.
934 1259 1018 1330 Hugo
1041 1280 1103 1315 vero
1128 1263 1249 1320 vendidit

244 1360 302 1394 eam
316 1342 355 1396 II.
369 1342 530 1413 presbyteris
549 1343 582 1397 de
600 1343 774 1407 Iluutedune‚
795 1350 824 1399 et
845 1345 944 1400 habent
957 1346 1017 1400 inde
1038 1347 1157 1416 sigillum
1177 1351 1248 1421 regis

245 1429 377 1484 Edwardi.
415 1430 577 1484 Eustachius
602 1431 680 1485 modo
702 1431 782 1486 habet
806 1452 863 1486 esm
885 1433 942 1488 siue
967 1433 1118 1500 liberatore,
1140 1442 1167 1492 et
1188 1438 1246 1494 sine

244 1516 317 1572 brevi
330 1522 358 1572 et
371 1517 428 1571 sine
440 1517 568 1574 saisitore.

517 1743 645 1813 [Brsuor
663 1743 824 1798 Remulus.
861 1745 972 1814 wara]

280 1846 320 1901 De
342 1851 412 1902 terra
433 1848 527 1902 Leurio
547 1848 641 1903 dieunt
661 1847 731 1919 quod
751 1848 803 1902 fuit
823 1847 850 1902 in
869 1868 928 1903 sora
946 1848 1025 1920 regis,
1043 1849 1089 1904 sed
1108 1848 1248 1919 Remigius

244 1934 380 2005 episeopus
392 1935 511 1990 ostendit
522 1934 629 1990 brevem
642 1935 712 2006 regis
726 1935 858 1999 Edwardi
876 1955 922 2006 per
940 1954 1019 2007 quem
1040 1936 1168 1991 Lourieus
1186 1955 1248 1991 oum

242 2021 315 2075 omni
338 2028 408 2077 terra
432 2022 535 2078 dederit
555 2023 582 2076 in
607 2023 789 2094 episcopatum
815 2023 940 2078 Linoolira
964 2042 1026 2078 oum
1051 2043 1111 2079 saoa
1130 2026 1158 2079 et
1176 2042 1246 2080 soca.

244 2108 285 2163 Ib.
299 2110 351 2163 208
366 2109 390 2164 b.

476 2280 630 2350 [Wrssrns
651 2297 689 2336 nr
707 2281 737 2336 O.
750 2299 774 2334 o.
788 2280 884 2336 Huorr
903 2297 941 2336 or
960 2282 1007 2352 Β.]

219 2407 224 2416 ·
281 2381 314 2436 In
335 2382 384 2437 hae
405 2387 475 2437 terra
493 2383 658 2454 episcopatus
680 2383 880 2453 [Lincolieusis]
901 2384 1026 2439 reclamat
1046 2383 1199 2440 Willelmus
1217 2385 1250 2441 da

243 2467 330 2523 Ceron
339 2469 396 2524 LX.
406 2489 478 2524 aeras
487 2470 556 2525 inter
563 2471 672 2541 planum
682 2476 709 2525 et
716 2470 812 2524 silvam
820 2490 898 2541 super
906 2472 1050 2543 Hugonem
1059 2472 1091 2526 de
1100 2472 1250 2544 Beloampo‚

244 2556 315 2610 undo
328 2556 463 2611 Radulfus
476 2557 622 2612 Taillebose
642 2557 778 2612 desaisivit
796 2563 900 2628 patrem
919 2558 1038 2629 ejusdem
1057 2560 1190 2624 Wisselmi,
1202 2562 1249 2632 qui

243 2642 329 2713 ipsam
346 2648 445 2697 terram
457 2643 565 2698 tenebat
578 2650 695 2715 temporo
711 2645 784 2715 regis
801 2645 938 2710 Edwardi,
952 2652 985 2699 ut
1003 2645 1124 2701 homines
1136 2646 1168 2702 de
1181 2647 1249 2702 hun·

243 2729 306 2784 drsd
319 2729 419 2785 dieunt.
458 2729 501 2785 lb.
513 2733 575 2785 210.

448 2968 451 2974 ·
481 2948 590 3017 [Huorr
610 2965 648 3004 ns
666 2948 697 3003 B.
710 2969 734 3003 v.
748 2950 889 3004 Wrnarsu
908 2965 946 3003 or
964 2949 1008 3019 O.]

280 3059 359 3114 Hane
372 3064 470 3114 terram
483 3060 515 3115 de
528 3060 647 3115 Tilebroc
660 3060 786 3115 reclamat
798 3060 883 3132 Ilugo
896 3060 1036 3132 Beloampo
1054 3079 1132 3132 super
1144 3060 1247 3117 Willel·

243 3165 317 3200 mum
342 3152 370 3203 et
394 3147 515 3202 homines
540 3148 572 3203 do
596 3146 719 3202 hundred
740 3154 849 3220 portant
873 3149 936 3203 iude
960 3148 1153 3213 testimonium,
1177 3148 1247 3218 quod

244 3235 375 3290 Radulfus
388 3236 524 3291 Talleboso
536 3241 684 3291 antecessor
697 3237 753 3309 ejus
766 3237 797 3291 de
810 3255 840 3291 ea
852 3256 899 3308 per
911 3256 1001 3309 regem
1021 3236 1128 3291 saisitus
1146 3236 1206 3301 suit,
1221 3241 1249 3293 et

243 3342 301 3377 eam
314 3324 410 3378 tenuit.
446 3323 591 3380 1b.211b.

456 3583 592 3653 [Atrans
604 3603 627 3640 o.
642 3584 769 3639 Wsnrss
788 3600 825 3639 or
844 3583 1022 3652 heuneus]

279 3690 346 3744 Cum
357 3691 399 3744 his
408 3692 464 3746 111.
473 3692 542 3746 hidis
552 3693 594 3762 [in
603 3692 707 3763 Wilge]
719 3693 844 3747 reclamat
853 3692 999 3746 Alueredus
1009 3710 1087 3761 super
1094 3689 1247 3746 walterum

244 3777 434 3832 Flaudrensem
456 3779 594 3833 dimidiam
616 3780 716 3843 hidam,
733 3780 766 3834 de
786 3797 840 3850 qua
858 3779 957 3849 injuste
974 3777 1111 3831 desaisirit
1129 3796 1199 3840 eum,
1217 3782 1249 3831 ut

243 3863 363 3919 homines
382 3866 414 3919 de
432 3865 553 3920 hundred
572 3865 633 3921 inde
652 3869 761 3937 portant
782 3865 977 3928 testimonium,
996 3882 1079 3935 quum
1099 3868 1247 3918 anteoessor

243 3952 300 4021 ejus
320 3957 438 4022 ternpore
457 3953 528 4024 regis
547 3953 672 4007 Edwardi
692 3953 752 4007 inde
769 3952 878 4007 saisitus
890 3956 941 4016 est,
954 3954 982 4005 et
997 3950 1081 4005 isdem
1099 3950 1248 4004 Alueredus

242 4043 334 4109 postea
352 4038 407 4093 fuit
424 4040 540 4094 saisitus.
578 4041 646 4095 Cum
665 4040 715 4093 hae
733 4044 805 4093 terra
816 4039 903 4092 adhue
920 4037 1046 4092 reclamat
1064 4037 1148 4091 isdem
1166 4036 1248 4090 Alue·

243 4126 320 4180 redus
349 4145 428 4197 super
451 4126 602 4198 episcopum
627 4126 858 4182 Constantiensem
883 4124 978 4178 silvam
1003 4125 1033 4179 C.
1057 4123 1143 4194 porois
1166 4141 1247 4194 quam

243 4214 339 4268 habuit
351 4233 415 4268 suus
427 4220 578 4269 antecessor
590 4218 708 4284 tempore
720 4213 791 4283 regis
810 4211 945 4277 Edwardi,
958 4211 1003 4266 sed
1016 4211 1152 4284 episeopus
1165 4209 1248 4265 desai-

243 4301 308 4357 sivit
319 4321 381 4356 eum
394 4302 502 4374 injuste,
515 4308 548 4357 ut
560 4302 681 4357 hominos
694 4301 726 4356 de
740 4299 862 4356 hundred
874 4304 1017 4357 testantur.
1054 4297 1096 4354 Ib.
1108 4299 1161 4354 215
1174 4297 1200 4352 b.
