3000 4972
668 542 776 586 aruer
800 543 822 586 1.
1202 524 1243 588 85

243 713 315 754 cum
331 691 472 774 praedicti
486 691 685 776 placitatores
704 694 875 759 Fulbertus
890 695 1009 759 scilicet
1023 694 1061 759 de
1075 693 1242 774 Cilleham,

244 803 418 868 Rotbertus
456 804 557 884 Fillel,
597 806 716 871 Haimo
752 806 838 871 filius
872 806 1002 886 Vitalis,
1039 813 1072 870 ct
1109 806 1244 870 Brother

243 914 396 997 presbiter
424 915 539 999 aliique
568 917 700 982 barones
729 916 954 1004 quamplurimi
986 940 1059 982 cum
1095 917 1243 1001 pradicto

244 1024 408 1105 Rotberto,
421 1026 452 1091 vi
461 1051 496 1092 aa
508 1034 626 1093 terrore
635 1029 715 1114 regii
725 1029 873 1108 nominis,
880 1029 1094 1093 Bataliensem
1104 1028 1245 1092 adissent

243 1129 375 1218 curiani,
390 1145 422 1203 et
441 1140 509 1223 jam
535 1141 612 1205 hora
626 1141 745 1206 tardior
760 1148 885 1205 noctem
901 1141 1075 1221 minitaret,
1091 1139 1244 1224 placitum

243 1246 391 1313 dominus
416 1250 605 1315 Gausfridus
630 1251 831 1335 persuasione
855 1251 916 1316 etsi
941 1274 1023 1336 aegre
1047 1251 1082 1315 in
1105 1249 1244 1335 primum

244 1358 405 1423 Dominici
420 1362 576 1426 adventus
601 1362 685 1425 diem
711 1362 942 1427 recrastinavit.
988 1361 1136 1426 Habebat
1159 1360 1245 1425 enim

244 1469 403 1552 quoddam
418 1470 452 1534 in
467 1493 500 1535 se
515 1471 704 1551 memoriale,
721 1472 870 1556 quatinus
884 1471 1017 1556 agendis
1041 1471 1246 1536 exterioribus

244 1579 283 1643 ad
308 1581 491 1645 memoriam
515 1588 710 1665 posterorum
733 1605 797 1646 non
823 1583 925 1647 solum
952 1581 1088 1647 seniores
1111 1582 1245 1646 fratrum

244 1693 298 1757 sed
312 1698 346 1756 et
356 1691 496 1775 juniores
518 1691 669 1756 interesse
695 1686 884 1775 procuraret,
899 1699 932 1756 et
957 1691 1087 1757 tardiori
1111 1692 1145 1757 id
1170 1693 1247 1757 hora

244 1809 322 1867 tunc
352 1802 420 1867 fieri
450 1802 569 1866 ordinis
605 1802 748 1867 custodia
782 1802 979 1886 prohibebat.
1024 1804 1138 1888 Itaque
1174 1810 1247 1888 post

245 1914 425 1999 opulentam
448 1913 697 1998 hospitalitatem
712 1913 799 1978 curia
813 1920 944 1992 statuta,
960 1914 1245 1980 circumassidenti·

245 2026 305 2091 bus
344 2025 406 2090 sibi
447 2025 607 2104 fratribus,
639 2025 850 2090 summonitos
884 2025 1072 2090 Gausfridus
1108 2027 1246 2091 affatur:

246 2135 436 2202 “Quoniam
452 2136 496 2200 mi
512 2135 647 2201 seniores
662 2135 815 2200 carissimi
828 2136 976 2221 praesenti
992 2159 1047 2201 vos
1067 2137 1247 2222 praemoniti

246 2247 401 2313 intulistis
426 2247 528 2327 curiae,
544 2252 653 2311 utrum
676 2247 878 2312 rectitudinis
903 2248 977 2312 hino
1003 2249 1190 2334 exequendas
1215 2254 1249 2313 et

247 2359 430 2444 recipiendae
456 2381 549 2424 causa
563 2358 753 2423 adveneritis
776 2358 952 2424 sciscitor.''
996 2360 1051 2424 Illi
1075 2382 1150 2424 vero
1174 2381 1248 2425 cum

246 2492 310 2535 non
334 2470 380 2535 ibi
405 2470 460 2535 sed
485 2470 518 2533 in
544 2492 600 2534 suo
626 2448 780 2534 comitatu
806 2491 933 2534 omnem
964 2469 1186 2535 rectitudinem
1216 2491 1249 2534 se

247 2582 358 2667 exequi
395 2581 505 2646 debere
541 2581 733 2658 insisterent,
771 2588 842 2665 post
888 2579 1057 2664 plurimam
1102 2580 1249 2644 dominus

249 2691 439 2756 Gaussridus
454 2691 697 2756 controversiam
713 2691 841 2755 intulit:
865 2690 933 2754 “Si
948 2714 1024 2775 ergo
1049 2696 1086 2755 ut
1110 2691 1249 2755 asseritis

248 2826 312 2868 non
337 2803 399 2866 nisi
424 2803 458 2867 in
485 2810 590 2868 vestro
614 2802 768 2867 comitatu
789 2801 924 2885 justitiae
952 2801 1124 2865 subdimini
1138 2802 1251 2881 causis

248 2913 393 2998 nunquid
429 2937 494 2978 non
530 2913 624 2997 regiae
661 2912 752 2976 asciti
787 2912 881 2978 curiae
918 2918 1088 2996 conquesta
1122 2912 1251 2978 delinire

248 3025 398 3090 vetaretis
411 3025 454 3090 ?”
477 3024 745 3108 “Nequaquam”
757 3021 916 3107 inquiunt.
940 3027 962 3058 “
973 3023 1059 3107 Ergo
1070 3023 1250 3107 praesenti,''

249 3135 368 3220 inquit,
383 3136 516 3214 “curiae,
543 3158 611 3220 quae
634 3134 719 3219 regis
744 3138 843 3211 extat,
866 3134 924 3199 hac
949 3133 1070 3198 ratione
1096 3136 1251 3200 contraire

249 3245 454 3329 nequibitis.”
500 3245 564 3311 Qui
588 3267 659 3310 cum
675 3245 708 3309 vi
724 3244 963 3309 ratiocinatione
990 3244 1063 3309 freti
1079 3245 1251 3311 renitentes

249 3355 378 3421 demum
404 3378 566 3440 erumpere
592 3360 791 3434 conarentur,
814 3355 960 3439 protinus
985 3354 1120 3421 basilicae
1143 3357 1251 3423 valvas

249 3469 345 3555 jussit
367 3466 514 3540 obserari,
536 3465 696 3531 obtestans
718 3465 860 3549 singulos
889 3463 995 3550 regias¹
1014 3466 1175 3550 majestati
1198 3491 1251 3532 ex·

250 3579 419 3665 ponendos,
457 3577 484 3641 si
521 3599 584 3642 non
620 3576 715 3660 regiae
762 3581 988 3661 exequerentur
1028 3576 1103 3662 jura
1147 3578 1251 3644 curiae.

251 3692 397 3774 Cumque
443 3688 503 3753 viri
553 3686 788 3751 animositatem
835 3686 992 3771 regiasque
1045 3686 1253 3753 districtionis
1310 3696 1311 3700 ’

250 3801 478 3887 recogitassent
492 3797 682 3884 aequitatem,
698 3796 827 3862 tandem
847 3797 955 3881 pavidi
981 3819 1098 3862 cessere
1124 3798 1253 3878 tiranni,

251 3919 284 3978 et
299 3935 331 3977 se
346 3910 412 3977 illic
426 3909 648 3975 rectitudinem
664 3908 764 3973 facere
775 3914 808 3972 et
816 3908 952 3992 recipere
964 3907 1044 3972 velle
1054 3907 1252 3992 profitentur.

252 4025 343 4089 Tunc
358 4022 485 4088 domino
502 4018 687 4084 Gausfrido¹
704 4017 837 4082 manerii
858 4017 898 4082 de
913 4016 968 4080 Wi
992 4015 1252 4096 annullationem,

293 4236 301 4268 ¹
320 4237 336 4261 “
344 4235 469 4284 Dominus
482 4231 645 4289 causiacus,
657 4227 739 4287 MS.‚'’
752 4243 813 4291 says
824 4228 869 4275 the
881 4227 965 4277 editor
977 4227 1007 4275 of
1014 4229 1058 4276 tha
1070 4226 1213 4278 chroniolo.
