3000 4972
664 599 773 643 unani
797 600 835 645 11.
904 606 907 613 ¹
1184 579 1244 644 ill

307 752 373 801 srom
390 754 467 816 using
483 752 528 801 the
540 753 630 815 pope's
648 751 785 801 mandates
801 751 869 801 until
886 753 949 817 they
960 753 1026 802 shall
1037 752 1103 801 hove
1114 751 1247 801 conferred

307 829 372 877 with
381 831 426 878 the
434 831 505 891 king,
518 843 550 876 on
559 830 606 876 the
617 828 719 891 graium
731 829 790 877 that
801 829 846 877 the
858 829 995 879 mandates
1003 845 1047 879 aro
1056 830 1084 878 in
1095 828 1246 892 derogation

307 908 337 957 oi
345 910 389 957 the
405 910 468 959 lawe
480 910 509 957 oi
530 910 563 957 hs
574 910 707 973 kingdom,
720 910 771 958 and
789 911 886 959 dirccts
903 910 975 960 them
993 914 1021 959 to
1032 925 1108 973 carry
1120 909 1165 958 the
1177 925 1247 957 man·

307 989 381 1038 dotes
393 996 421 1038 to
433 991 477 1037 the
486 990 549 1053 king
556 990 649 1039 within
657 991 746 1039 fifteen
754 991 818 1053 days
829 1012 836 1049 ;
854 990 911 1039 also
920 994 947 1039 to
956 1005 1059 1039 remove
1067 991 1112 1039 the
1121 989 1247 1038 stewnrds

307 1067 357 1116 and
375 1068 467 1116 monks
478 1072 527 1128 put
543 1069 570 1114 in
582 1069 670 1129 places
682 1073 805 1130 contrary
817 1073 845 1116 to
857 1068 902 1116 tho
914 1068 966 1115 will
979 1069 1009 1116 of
1023 1069 1067 1116 the
1083 1067 1246 1129 arohbishop.

307 1146 361 1194 The
373 1145 447 1193 three
458 1146 552 1193 ubbots
563 1160 608 1194 are
620 1147 675 1194 also
687 1145 835 1207 prohibited
851 1146 918 1193 from
938 1146 1078 1207 executing
1097 1145 1142 1193 the
1158 1145 1247 1207 popo’s

306 1222 429 1270 mandate
449 1226 477 1270 to
495 1221 574 1270 them.
609 1223 704 1271 Monks
721 1237 766 1271 are
777 1238 836 1271 now
848 1226 907 1271 sent
920 1228 947 1271 to
959 1224 1003 1271 tho
1015 1224 1086 1285 king,
1098 1223 1156 1269 who
1168 1221 1245 1270 rcaeh

307 1300 408 1348 himin
423 1300 539 1348 adram
555 1300 585 1348 oi
593 1300 638 1348 the
658 1300 821 1362 archbishop,
840 1301 892 1348 and
910 1302 997 1349 obtain
1016 1301 1057 1349 his
1077 1299 1176 1358 favour,
1196 1300 1248 1347 and

307 1375 417 1425 succeed
435 1377 461 1424 in
473 1377 628 1439 preventing
648 1376 688 1424 his
708 1377 878 1425 intericrcneo
897 1392 931 1425 on
951 1377 1040 1426 behalf
1058 1378 1088 1425 oi
1107 1379 1152 1425 the
1172 1377 1245 1426 arch·

308 1453 421 1518 bishop.]

248 1604 466 1668 Binnnwrnns
489 1610 594 1667 autem
618 1603 855 1668 cantuariensis
878 1605 1126 1689 archiepiscopus
1148 1627 1166 1667 a
1190 1626 1246 1668 suo

244 1716 376 1780 necdum
392 1714 546 1779 desistens
561 1715 718 1799 proposito
741 1715 854 1779 cotidie
877 1739 970 1779 suum
986 1715 1149 1799 affligebat
1172 1738 1246 1779 eon-

243 1836 385 1891 ventum.
448 1826 512 1892 Qui
550 1849 622 1891 cum
658 1849 714 1891 nec
752 1828 872 1891 modice
914 1828 1041 1911 quidem
1078 1827 1248 1912 apostolico

244 1939 377 2004 deferret
399 1939 570 2016 mandato,¹
596 1948 660 2002 tres
682 1937 812 2003 abbates
835 1939 893 2018 illi,
918 1939 1064 2003 videlicet
1087 1939 1123 2003 de
1147 1938 1248 2018 Bello,

244 2049 282 2112 de
298 2050 487 2113 Fauresham
504 2056 536 2113 et
552 2048 662 2113 Sancti
681 2048 858 2132 Augustini
882 2049 1071 2125 cantuaria,
1088 2049 1141 2134 qui
1164 2049 1248 2112 cau-

244 2158 409 2223 tuariensis
424 2181 524 2222 causae
539 2158 664 2223 fuerant
679 2168 868 2238 executores,
879 2159 1007 2242 praeiato
1019 2160 1249 2243 archiepiscopo

243 2271 515 2335 commonitorium
540 2271 694 2336 miserunt
721 2272 896 2356 epistolam,
920 2272 1010 2356 eique
1035 2270 1169 2354 vigilam
1193 2273 1248 2335 Ja-

243 2383 313 2447 eobi
339 2383 472 2467 apostoli
496 2382 579 2446 diem
608 2384 831 2466 peremtorium
860 2384 1070 2467 praefixerunt,
1100 2390 1249 2467 rogantes

243 2494 425 2580 suppliciter
439 2499 477 2557 ut
492 2492 661 2577 apostolico
678 2494 819 2558 obediret
835 2494 995 2572 mandato,
1011 2516 1051 2558 ne
1063 2492 1161 2579 eciam
1174 2493 1249 2577 ipsis

244 2606 279 2667 in
300 2603 485 2668 obedientiae
503 2601 674 2686 periculum
700 2603 890 2669 immineret.
936 2604 997 2669 Sed
1013 2626 1084 2667 eum
1108 2602 1249 2686 predicti

244 2713 374 2778 abbates
398 2720 432 2778 et
458 2712 604 2777 monaehi
624 2713 864 2778 cantuarienses
883 2714 923 2779 de
941 2714 1042 2778 forma
1056 2713 1250 2777 executionis

244 2826 433 2910 cogitarent,
464 2825 629 2908 ipsumque
653 2824 919 2909 archiepiscopum
945 2825 994 2890 vel
1024 2827 1091 2909 ejus
1121 2824 1249 2888 nuntios

244 2937 434 3022 responsales
448 2942 659 3021 expectarent,
675 2958 694 2999 a
715 2936 861 3020 praesecto
885 2937 1012 3021 Angliae
1030 2937 1188 3001 Randulfo
1209 2938 1248 3001 de

245 3047 409 3114 Glanvilla
423 3046 603 3131 hujusmodi
618 3053 821 3130 susceperunt
837 3048 1031 3111 mandatum.

289 3156 468 3223 Randulfus
501 3156 539 3221 de
570 3156 733 3220 Glanvilla
761 3156 869 3220 abbati
900 3156 939 3219 dc
976 3155 1065 3221 Bello
1103 3155 1247 3220 salutem.

246 3270 394 3355 Praecipio
416 3268 476 3333 tibi
501 3291 539 3332 ex
559 3273 647 3352 parte
667 3266 787 3332 domini
808 3267 892 3350 regis
910 3290 965 3351 per
984 3267 1078 3330 {idem
1103 3289 1198 3351 quam
1221 3268 1248 3330 ei

244 3384 336 3448 debes
352 3388 384 3446 et
399 3404 453 3465 per
468 3384 700 3444 sacramentum
716 3377 798 3461 quod
821 3379 849 3442 ei
872 3377 986 3456 fecisti,
1002 3385 1039 3441 ut
1053 3377 1140 3441 nullo
1157 3378 1249 3441 modo

245 3494 391 3580 procedas
406 3493 439 3556 in
454 3514 547 3556 causa
562 3513 630 3574 quae
647 3488 781 3554 vertitur
796 3488 880 3553 inter
896 3489 1065 3553 monachos
1080 3488 1249 3553 cantuari·

244 3630 333 3672 enses
348 3613 380 3671 et
402 3606 566 3671 dominum
590 3605 847 3669 cantuariensem
870 3604 1137 3689 archiepiscopum
1152 3603 1249 3667 donec

245 3726 319 3790 inde
334 3747 456 3789 meeum
471 3725 595 3788 loeutus
617 3722 723 3788 fueris.
770 3723 862 3786 'Peste
887 3721 1061 3786 Willielmo
1084 3722 1122 3785 de
1149 3721 1248 3785 Glan-

246 3839 324 3904 villa
347 3861 402 3922 per
431 3844 618 3922 praeceptum
645 3836 766 3900 domini
791 3837 875 3919 regis
897 3836 935 3900 de
960 3836 1044 3901 ultra
1065 3858 1159 3900 mare.
1206 3837 1249 3898 Et

246 3954 334 4021 omni
364 3952 514 4016 dilatione
544 3958 578 4015 et
606 3951 766 4015 occasione
796 3957 915 4015 remota
946 3951 988 4014 sis
1017 3950 1057 4014 ad
1087 3973 1137 4014 me
1167 3950 1249 4033 apud

247 4065 443 4131 Londoniam
468 4062 610 4148 proxima
640 4062 691 4126 die
718 4060 850 4125 sabbati
875 4067 947 4143 post
975 4061 1093 4125 festum
1126 4062 1249 4125 Sanctae

282 4234 289 4265 ¹
307 4232 362 4279 The
380 4229 550 4278 interserenes
567 4226 597 4275 oi
613 4225 658 4274 the
670 4239 737 4287 pope
753 4224 804 4272 had
819 4225 885 4273 been
901 4224 997 4285 caught
1013 4223 1065 4271 and
1082 4223 1204 4273 obtained
1215 4227 1250 4289 by

247 4310 292 4358 the.
304 4308 405 4356 monks.

1009 4433 1012 4439 ·
1106 4410 1124 4452 R
