3000 4972
656 572 798 617 wrnnran
822 571 842 615 r.
1210 549 1252 614 ⁸29

244 723 374 789 abbatia
403 726 470 805 fiat,
501 734 534 792 et
570 726 812 792 consuetudines
844 747 900 810 pro
930 724 1046 810 quibus
1085 723 1253 808 Remigius

244 837 357 901 vinum
379 838 512 923 requirit
527 838 592 922 ipse
607 839 721 902 habeat
735 838 818 902 sicut
834 843 1009 900 monstrare
1023 835 1141 919 poterit
1162 841 1253 900 ante-

244 971 379 1013 cessores
394 950 461 1033 ejus
480 949 625 1013 habuisse
641 949 793 1032 temporis
808 947 892 1031 regis
903 947 1081 1012 Eadwardi.
1126 947 1251 1011 Molen-

244 1061 355 1126 dinum
372 1060 411 1124 de
427 1061 675 1144 Grantebrugge
701 1059 784 1144 quod
810 1060 938 1124 Picotus
961 1059 1045 1138 fecit,
1071 1059 1253 1124 destruatur

245 1172 271 1235 si
309 1172 423 1235 altera¹
468 1170 638 1234 disturbat.
706 1171 756 1234 De
797 1169 963 1234 dominicis
1004 1170 1096 1234 terris
1136 1176 1252 1234 sanctae

245 1282 470 1347 AEtheldrithae
485 1282 529 1346 sit
550 1281 647 1346 abbas
671 1282 800 1346 saisitus
824 1282 908 1346 sicut
931 1282 992 1346 alia
1017 1282 1085 1346 vice
1107 1281 1251 1367 praecepi,

244 1393 300 1478 qui
315 1393 430 1457 alteras
445 1397 556 1457 tenent
570 1392 620 1456 vel
636 1414 740 1456 socam
755 1399 788 1456 et
802 1415 918 1471 sacam,
939 1393 977 1457 de
1003 1392 1117 1457 abbate
1142 1414 1251 1476 recog-

245 1510 376 1569 noscant
391 1510 424 1568 et
438 1503 616 1568 deserviant
631 1510 688 1566 aut
702 1525 753 1567 eas
769 1501 947 1568 dimittant.

246 2053 383 2117 CASES
417 2053 476 2117 01⁴¹
504 2051 611 2116 THIS
644 2049 790 2114 REIGN
821 2049 881 2114 OF
908 2049 1015 2114 LESS
1047 2051 1248 2116 CERTAIN

677 2185 807 2249 Dara.

375 2347 503 2429 [Annon
527 2347 632 2409 Sanno
656 2366 683 2407 v.
707 2346 922 2409 Anoaarsaoa
945 2345 1126 2428 TuomsP

244 2504 312 2570 [The
323 2505 410 2569 king’s
422 2506 482 2555 writ
493 2506 648 2568 confirming
655 2504 793 2568 judgment
804 2505 892 2554 before
904 2506 1011 2556 himself
1018 2507 1046 2557 in
1057 2508 1149 2557 favour
1159 2509 1191 2558 of
1203 2509 1249 2558 the

460 2595 464 2601 ·
536 2587 953 2653 plaintiffastocertainlande.]

243 2724 458 2804 W1LnunanS,
464 2747 519 2788 rex
532 2724 723 2807 Anglorum,
734 2724 882 2790 Wlstano
896 2726 1040 2810 episcopo
1050 2726 1246 2812 Wygorniae,

243 2841 276 2898 ct
305 2833 467 2898 Willelmo
496 2835 561 2899 filio
591 2836 730 2914 Osberti,
760 2845 793 2901 et
830 2836 977 2900 omnibus
1015 2837 1184 2901 baronibus
1214 2843 1248 2900 et

244 2945 399 3009 ministris
428 2945 493 3009 suis
521 2946 560 3011 de
592 2946 790 3012 Glaucestria
827 2955 860 3013 et
894 2948 932 3012 de
962 2949 1246 3033 Wyrecestresyra,

243 3056 389 3122 salutem.
435 3056 550 3121 Sciatis
578 3080 629 3122 me
653 3058 850 3137 concessisse,
881 3064 914 3122 et
939 3058 1120 3137 reddidisse,
1150 3064 1247 3144 atque

243 3168 451 3247 confirmasse,
475 3168 553 3248 Dec,
580 3174 613 3232 et
640 3169 758 3233 Sancto
789 3171 884 3234 Petro
913 3171 951 3235 de
982 3169 1187 3249 Gloucestria,
1214 3176 1247 3233 et

244 3279 367 3343 Serloni
396 3279 516 3357 abbati,
541 3286 574 3345 et
604 3280 764 3344 monachis
794 3279 933 3367 ejusdem
963 3281 1108 3360 ecclesiae,
1138 3303 1246 3346 omnes

242 3399 340 3456 terras
373 3414 446 3456 suas
482 3414 558 3476 quas
586 3392 723 3455 Thomas
757 3392 1007 3477 archiepiscopus
1043 3391 1245 3456 Eboracensis

242 3503 357 3586 injuste
373 3504 512 3581 tenebat,
529 3503 649 3567 scilicet
666 3503 796 3583 Lecche,
814 3504 981 3583 Otintona,
999 3504 1156 3584 Stanedis,
1172 3526 1244 3568 cum

242 3614 389 3679 omnibus
415 3613 533 3678 eisdem
559 3613 801 3696 pertinentibus,
827 3615 872 3679 sic
902 3615 1022 3680 solutas
1052 3621 1085 3680 et
1110 3615 1245 3700 quietas,

242 3725 325 3789 sicut
339 3731 413 3790 ante
429 3748 478 3788 me
493 3725 691 3808 recognitum
709 3731 756 3789 est
771 3725 894 3790 easdem
910 3732 1008 3790 terras
1028 3727 1068 3790 ad
1083 3726 1245 3791 ecclesiam

241 3836 404 3920 praefatam
432 3835 542 3899 Sancti
569 3835 656 3899 Petri
681 3835 719 3898 de
745 3835 982 3900 Gloucestriaa
1012 3842 1061 3900 sui
1090 3837 1245 3922 principio

241 3947 440 4031 pertinuisse,
463 3952 496 4009 et
521 3945 654 4011 eundem
679 3947 947 4031 archiepiscopum
973 3947 1100 4012 nullum
1125 3948 1180 4031 jus
1209 3949 1244 4011 in

242 4059 305 4123 illis
320 4059 412 4124 terris
427 4059 583 4123 habuisse.
630 4060 736 4124 Quare
752 4059 822 4124 volo
845 4068 878 4124 et
900 4059 1032 4124 firmiter
1047 4060 1191 4144 praeoipio
1208 4067 1245 4122 ut

442 4221 451 4255 ¹
466 4221 547 4270 Other
558 4221 632 4271 MSS.
645 4223 801 4271 “alteram''

436 4299 447 4330 ²
464 4298 584 4349 2011ron.
598 4299 666 4347 Mon.
681 4298 770 4348 Glonc.
784 4299 831 4349 107
847 4297 918 4362 (Rec.
931 4298 1025 4360 Com).
