3000 4972
300 536 361 596 202
545 548 680 594 amem
702 548 1049 597 suem-uosusumcs.

298 702 429 768 minime
443 707 548 768 tenere
563 724 661 785 posse,
673 700 700 764 si
715 707 897 778 mercatum,
913 708 950 767 ut
965 711 1108 787 ooeperat,
1120 705 1154 768 in
1169 704 1298 771 Abben·

297 813 392 877 donia
406 818 609 897 permaneret.
656 811 791 890 Quibus,
807 835 863 895 pro
878 812 967 876 malae
982 814 1097 879 mentis
1116 816 1298 900 pertinacia,

297 947 352 988 rex
378 924 573 1008 indignatae,
597 922 721 987 eosdem
747 945 766 985 a
788 946 820 987 ee
844 923 1040 989 turbulenter
1062 925 1188 1009 abegit;
1221 950 1297 1011 pme-

297 1035 440 1119 cepitque
465 1041 503 1098 ut
527 1057 547 1098 a
568 1033 618 1098 die
640 1032 694 1096 illo
716 1039 889 1097 mercatum
904 1034 1122 1118 plenissimum
1140 1036 1186 1100 ibi
1205 1044 1297 1117 esset,

296 1144 431 1209 navibus
440 1150 568 1209 tantum
580 1143 728 1227 exceptis,
737 1142 849 1207 abbate
864 1147 1084 1210 tantummodo
1099 1147 1163 1211 suis
1178 1155 1296 1213 utente.

296 1257 342 1320 Et
356 1279 396 1320 ne
411 1254 525 1338 aliquis
538 1254 689 1337 dissipare
705 1253 858 1317 niteretur
880 1254 963 1337 quod
987 1257 1119 1320 Henrici
1134 1257 1228 1342 regie,
1245 1257 1297 1321 avi

296 1367 356 1446 eui,
371 1372 510 1449 tempore
536 1364 723 1448 dispositum
746 1363 921 1442 constabat,
937 1371 970 1430 et
992 1365 1057 1450 ipse
1082 1373 1160 1431 tunc
1185 1367 1297 1431 confir-

297 1476 416 1555 mabat,
446 1473 712 1540 calumniantibus
735 1473 896 1538 silentium
926 1474 1091 1559 imponens
1112 1485 1296 1562 perpetuum

296 1585 469 1652 interdixit.
526 1586 644 1650 Tamen
668 1591 838 1669 antequam
868 1607 915 1650 res
945 1587 1010 1650 haec
1035 1587 1075 1651 ad
1097 1588 1180 1652 hunc
1202 1589 1297 1652 finem

296 1698 482 1781 perveniret,
511 1719 575 1760 non
594 1695 754 1760 modicum
776 1695 908 1779 pertulit
922 1696 1019 1762 abbas
1034 1698 1233 1762 Walkelinus
1248 1698 1294 1762 la·

297 1808 412 1873 horem.

331 1966 371 2031 [It
382 1980 492 2029 appears
503 1966 563 2028 bys
574 1965 735 2028 subsequent
753 1969 896 2015 statement
910 1967 940 2015 of
947 1966 993 2015 the
1010 1968 1154 2016 ohmnicler
1173 1968 1233 2017 that
1244 1968 1298 2017 this

296 2045 369 2108 right
380 2045 409 2093 of
417 2045 519 2092 maritet
531 2043 582 2092 had
594 2043 659 2092 been
672 2044 784 2106 granted
796 2045 831 2107 by
843 2044 955 2092 lldsvard
967 2045 1013 2093 the
1024 2046 1169 2094 Gonsessor.
1202 2048 1259 2095 Vol.
1272 2049 1297 2106 2,

296 2137 315 2185 p
334 2122 390 2172 27&
423 2121 479 2169 The
490 2123 570 2182 grant
581 2120 610 2167 of
620 2120 732 2168 Edward
744 2136 798 2169 was
816 2121 957 2169 confirmed
974 2121 1009 2184 by
1021 2122 1098 2185 kings
1110 2123 1201 2186 Henry
1212 2124 1234 2171 l.
1245 2124 1297 2172 and

298 2197 432 2260 Stephan3
451 2197 500 2245 bnt
510 2196 533 2244 it
544 2197 630 2244 would
642 2211 711 2244 seem
727 2195 796 2244 from
812 2198 858 2245 the
869 2198 930 2246 vrrit
946 2199 1029 2246 above
1041 2199 1120 2261 given
1139 2200 1198 2248 that
1215 2215 1297 2248 some·

296 2276 374 2337 thing
384 2288 455 2322 more
466 2288 522 2322 was
538 2287 676 2336 necessary
687 2274 752 2321 than
769 2288 786 2321 a
800 2274 870 2334 aoht
887 2274 917 2323 of
924 2276 1034 2334 marhot,
1046 2280 1075 2324 to
1091 2276 1146 2335 wit,
1158 2292 1192 2325 an
1208 2277 1297 2326 actual

296 2367 358 2402 usar
368 2351 398 2401 of
411 2351 455 2400 the
467 2350 776 2414 franchise-something
786 2352 845 2399 that
856 2351 933 2400 could
943 2353 976 2401 be
993 2367 1063 2402 seen.
1097 2354 1151 2403 The
1161 2355 1296 2404 confirma-

296 2431 352 2480 tion
362 2431 398 2492 by
410 2429 501 2491 Henry
509 2429 531 2476 1.
543 2428 590 2476 has
601 2428 707 2491 already
718 2429 784 2476 been
795 2428 872 2490 given
883 2429 911 2476 in
922 2431 1064 2479 connexion
1075 2432 1165 2479 witha
1174 2433 1296 2494 previous

293 2509 407 2570 disputa.
440 2506 561 2568 Perhaps,
574 2505 700 2563 however,
714 2505 804 2568 Henry
816 2507 852 2554 II.
865 2507 939 2555 knew
951 2507 1061 2571 nothing
1072 2508 1102 2557 of
1110 2509 1155 2558 the
1166 2514 1247 2572 grant
1258 2510 1293 2574 by

266 2616 270 2621 ·
297 2585 339 2635 his
350 2583 530 2648 grandfather.

328 2663 383 2712 'I'he
395 2662 526 2724 following
536 2661 559 2709 is
571 2660 708 2723 Stephen's
718 2660 899 2709 confirmation
906 2659 975 2726 :-]¹

342 2827 531 2910 Stephanus,
541 2849 594 2889 rex
605 2824 741 2908 Angliae,
754 2824 896 2908 episcopo
910 2825 1102 2904 Saresberiaa
1108 2833 1141 2891 et
1148 2829 1295 2911 justiciis,

296 2935 541 3014 vicecomitibue,
555 2935 734 3014 baronibusr,
756 2941 790 3000 et
811 2935 956 2999 omnibus
978 2935 1131 3001 ministris
1150 2945 1183 3003 et
1198 2940 1297 3005 fideli·
1334 2921 1336 2925 Ι

244 3096 248 3101 -
296 3046 356 3110 bus
381 3047 457 3124 suis,
487 3046 613 3110 mancis
640 3051 673 3110 et
696 3045 824 3130 Anglis,
845 3046 884 3110 de
910 3046 1117 3125 Berchescira,
1149 3048 1295 3119 salutem.

298 3156 411 3220 Sciatis
422 3179 472 3221 me
483 3156 667 3221 concessisse
677 3158 744 3220 Deo
753 3163 786 3221 et
795 3156 929 3221 eccleeiae
941 3157 1048 3222 Beatae
1057 3159 1169 3223 Mariae
1180 3161 1219 3224 de
1227 3161 1294 3225 Ab·

295 3266 461 3344 bendonia,
473 3271 505 3330 et
516 3266 647 3350 Ingulfo
657 3265 774 3345 abbati,
784 3273 817 3331 et
829 3269 988 3331 monachis
998 3291 1069 3331 cum
1079 3291 1115 3333 eo
1130 3267 1163 3334 in
1175 3293 1212 3335 ea
1227 3272 1295 3338 Deo

296 3374 513 3452 servientibus
531 3382 703 3440 mercatum
721 3376 756 3439 in
774 3376 850 3440 villa
864 3377 902 3441 de
917 3376 1127 3443 Abbendonia
1148 3380 1188 3444 ad
1209 3381 1294 3447 diem

480 3487 501 3562 ,²
516 3485 598 3549 sicut
623 3486 771 3569 praedicta
799 3486 938 3567 eeclesia,
963 3494 997 3553 et
1020 3488 1159 3569 abbates,
1175 3498 1207 3556 et
1230 3493 1295 3577 ipsc

296 3595 483 3660 Vincentius
506 3595 612 3674 abbas,
627 3619 766 3679 unquam
781 3597 892 3661 melius
908 3598 956 3663 vel
972 3598 1098 3664 liberius
1116 3608 1295 3683 tenuerunt,

296 3713 329 3772 et
343 3705 393 3770 die
404 3728 466 3789 qua
481 3728 535 3769 rex
552 3706 708 3769 Henricus
731 3706 775 3770 eis
797 3707 886 3771 dedit
907 3716 940 3773 et
955 3710 1108 3775 concessit
1122 3711 1293 3780 abbatiam.

296 3818 341 3881 Et
355 3815 425 3881 volo
449 3822 482 3880 et
503 3815 636 3880 firmiter
658 3816 813 3901 praecipio,
829 3818 911 3902 quod
933 3842 1041 3884 omnes
1056 3821 1198 3886 homines
1222 3822 1296 3888 illuc

296 3933 406 3991 euntes
432 3934 465 3991 et
494 3926 609 3990 ibidem
640 3934 808 4006 moranteS,
838 3937 871 3993 et
899 3929 973 3993 inde
1002 3931 1176 4012 redeuntes,
1206 3934 1296 4017 plene

296 4036 435 4101 habeant
459 4059 561 4100 meam
584 4037 706 4102 firmam
722 4061 841 4122 pacem,
857 4062 896 4105 ne
911 4063 1003 4124 super
1017 4042 1082 4106 haec
1096 4042 1215 4126 injuste
1231 4045 1295 4109 dis·

330 4253 338 4286 ¹
356 4255 372 4302 2
387 4254 455 4304 Hist.
468 4255 537 4304 Mon.
546 4256 658 4320 Abingd·
671 4258 720 4307 180
736 4258 807 4322 (Reo.
820 4260 911 4324 Com).
1071 4265 1081 4296 ⁸
1096 4265 1138 4313 An
1150 4281 1263 4315 erasure.
