3000 4972
243 548 307 610 284
490 560 620 605 resciri
642 559 990 605 inuno-nonunnnrcs.

242 740 312 780 cnm
329 715 366 778 dc
382 715 505 778 laesione
516 714 610 797 regiae
621 713 807 796 majestatis,
824 713 856 774 in
872 736 908 776 co
923 714 1007 796 quod
1022 713 1087 796 ipse
1102 713 1140 776 ad
1152 735 1248 776 vocn-

242 827 360 890 tioncm
380 825 578 909 justitiarum
599 822 683 907 regis
706 823 811 886 venire
827 822 938 903 noluit,
954 846 1010 888 nee
1025 824 1090 908 juri
1106 830 1190 887 stare
1208 824 1249 886 de

242 937 386 1020 predicta
411 934 619 1018 receptatione
642 939 811 1017 raptorum,
836 957 934 1018 neque
957 958 1008 999 cos
1023 936 1061 998 ad
1085 934 1247 1018 justitiam

243 1049 326 1131 regis
349 1048 515 1131 producere
524 1071 533 1123 ;
558 1045 611 1109 scd
626 1045 797 1130 respondit,
813 1069 845 1109 se
867 1069 932 1109 csse
948 1046 1105 1108 hominem
1121 1044 1250 1108 comitis

242 1157 416 1223 Johnrrnis¹
443 1165 475 1220 et
499 1155 577 1220 velle
601 1155 634 1219 in
662 1156 747 1219 curie
773 1178 828 1219 sua
847 1156 912 1238 juri
941 1163 1034 1220 stare.
1096 1157 1250 1219 Prmtcrca

243 1270 478 1354 appellaverunt
493 1292 575 1347 cum,
591 1269 673 1352 quod
690 1268 754 1352 ipsc
771 1268 831 1331 suit
850 1269 882 1331 in
899 1268 930 1331 vi
951 1275 984 1332 ct
998 1269 1156 1351 adjutorio
1173 1291 1246 1332 erun

243 1380 357 1445 comite
373 1381 528 1458 Johanne,
548 1386 581 1444 et
596 1379 666 1442 aliis
681 1378 818 1442 inimicis
841 1378 935 1462 regis,
950 1378 990 1442 ad
1012 1379 1140 1443 castella
1162 1380 1248 1463 regis

244 1490 283 1554 de
298 1490 498 1573 Notingham
511 1499 544 1554 et
559 1488 731 1553 deTikchil
747 1489 905 1571 capienda.
952 1488 1104 1552 Girnrdus
1118 1513 1192 1553 vero
1208 1490 1247 1554 de

245 1601 402 1667 Canrvilla
418 1602 550 1684 negavit
565 1600 671 1664 omnin
686 1622 753 1682 quse
768 1598 997 1681 objiciebantur
1010 1599 1038 1663 ei
1053 1600 1093 1662 ab
1109 1599 1189 1678 illis;
1215 1609 1249 1665 et

245 1713 291 1776 illi
317 1712 471 1776 dederunt
494 1711 621 1775 vadium
643 1710 681 1773 de
697 1710 919 1793 prosequendo,
936 1717 968 1775 et
992 1711 1143 1775 Girardus
1159 1711 1249 1775 dedit

246 1823 373 1887 vadium
389 1823 426 1887 de
441 1823 635 1886 defendendo
651 1845 682 1885 se
698 1844 865 1904 perunum
886 1821 924 1885 de
946 1821 1052 1886 liberis
1067 1821 1249 1886 hominibus

245 1957 318 1997 sure.

441 2402 1062 2487 mwmmfflmstmp

249 2542 304 2608 [An
323 2541 471 2605 inquisition
494 2542 573 2603 being
591 2540 699 2589 ordered
716 2555 746 2589 es
765 2546 793 2589 to
816 2541 861 2589 the
883 2541 935 2588 lest
959 2538 1137 2601 presentation
1155 2537 1185 2584 oi
1205 2536 1250 2584 the

312 2622 408 2671 chureii
421 2624 450 2668 at
461 2621 498 2679 Β.,
510 2620 560 2668 five
572 2619 602 2667 of
610 2619 655 2666 the
666 2619 828 2681 recognitors
845 2633 917 2667 corne
935 2623 963 2666 to
982 2618 1027 2666 the
1045 2617 1125 2665 ebbot
1143 2616 1195 2664 end
1211 2615 1249 2662 in·

313 2699 398 2748 diceto
410 2713 426 2745 n
436 2697 596 2759 willingness
608 2700 636 2743 to
647 2696 680 2744 be
691 2695 838 2760 corrupted.
872 2694 926 2743 The
937 2696 1017 2743 abbot
1028 2694 1142 2742 declines
1161 2696 1190 2740 to
1205 2706 1250 2738 en·

314 2776 412 2824 tertnin
436 2775 504 2823 their
530 2774 690 2836 suggestion,
713 2773 764 2820 and
786 2773 849 2834 they
871 2772 963 2834 depnrt
985 2773 1013 2820 in
1035 2786 1131 2835 engen
1152 2768 1252 2831 finding

313 2853 418 2916 against
428 2851 503 2914 him]

250 2952 407 3014 Eccmsn
435 2972 507 3013 vcro
534 2949 571 3012 de
603 2949 752 3012 Boeotord
786 2954 927 3026 vacante,
953 2970 1025 3010 cum
1060 2944 1252 3009 summonite

252 3059 362 3123 suisset
386 3060 458 3123 inde
482 3059 680 3141 recognici0,³
695 3064 849 3121 venerunt
864 3057 1004 3142 quinque
1018 3055 1134 3120 milites
1148 3062 1251 3135 temp·

252 3177 356 3233 tentes
379 3169 537 3247 abbatem,
557 3178 590 3232 ct
612 3176 774 3252 querentes
789 3168 864 3251 quid
880 3168 952 3231 inde
975 3167 1123 3232 deberent
1136 3168 1251 3249 jurare.

253 3279 363 3343 Abbns
384 3286 488 3342 eutem
514 3278 615 3342 noluit
637 3280 680 3343 cis
696 3279 813 3362 aliquid
829 3279 911 3356 dere,
928 3279 974 3341 vcl
992 3278 1185 3362 promittere,
1201 3276 1255 3339 sed

252 3389 356 3452 dixit:
384 3391 499 3453 “Cum
523 3389 560 3451 ad
585 3390 802 3471 juramentum
830 3396 1016 3472 perventum
1041 3389 1144 3467 suerit,
1160 3388 1255 3453 dicite

252 3504 372 3562 rectum
391 3496 559 3559 secundnm
583 3499 803 3562 conscientiam
822 3500 991 3563 rostram.''
1036 3500 1101 3584 Ipsi
1118 3521 1190 3562 vero
1204 3499 1254 3563 in-

254 3609 422 3692 dignantes
437 3615 637 3684 rccesscrunt,
653 3616 685 3670 et
699 3607 727 3669 ei
743 3630 797 3690 per
817 3609 1031 3691 juramentum
1052 3632 1144 3672 suum
1159 3609 1254 3674 edve-

254 3719 410 3783 cocioncm
433 3715 518 3779 illius
534 3715 670 3795 ecclesie,
686 3716 804 3780 scilicet
819 3718 963 3782 ultimam
979 3719 1256 3802 presentncioncm,

254 3828 473 3906 abstulerunt,
511 3849 604 3911 quam
635 3835 741 3891 tamen
777 3836 886 3911 postea
917 3832 1120 3915 recuperavit,
1146 3830 1256 3894 multis

249 3941 340 4007 i'nctis
356 3939 511 4024 expensis,
522 3947 554 4002 et
569 3938 652 4003 datis
667 3939 773 4002 decem
786 3940 908 4003 marcis.

446 4085 454 4115 ¹
472 4086 633 4134 Astcrwnrds
646 4086 710 4148 king
721 4086 797 4134 John.

446 4164 456 4194 ²
474 4165 567 4213 Chron.
580 4166 635 4212 Joc.
648 4165 679 4212 de
692 4165 794 4213 Braket
806 4166 969 4220 44tCuurden
983 4164 1058 4224 Soet.

445 4245 455 4274 ⁸
474 4242 511 4289 As
524 4248 550 4289 to
562 4243 607 4289 tho
619 4241 669 4289 last
682 4242 866 4302 presentation.
