3000 4972
327 506 390 566 226
572 521 705 566 rurcrrr
728 518 1075 565 suono-rouusrrrrca

328 699 397 764 quae
415 676 444 741 ei
467 675 566 740 facere
588 673 709 737 debetis
735 674 773 737 de
799 673 897 737 feodis
920 672 1044 751 vestris,
1068 676 1101 736 et
1126 695 1194 758 quea
1216 673 1335 758 praede-

327 786 499 853 cessoribus
514 784 686 849 suissacere
697 783 864 862 solebatis3
887 790 918 846 et
933 783 993 845 nisi
1008 782 1155 864 feceritis,
1166 785 1336 848 vicecomes

329 900 368 964 de
387 898 475 963 Kent
489 896 586 960 faciat
602 895 667 959 fieri
676 922 686 973 ,·
713 917 752 959 ne
773 894 845 959 inde
860 893 995 978 amplius
1018 895 1185 959 clamorem
1208 897 1334 960 audiam

329 1033 386 1094 pro
408 1009 532 1073 defectu
554 1007 641 1071 recti.
685 1007 777 1070 Teste
800 1007 970 1090 Ranulpho
993 1007 1031 1070 dc
1048 1006 1222 1085 Glanvilla,
1251 1006 1335 1091 apud

331 1119 543 1184 Winloniam.

365 1231 433 1296 [The
443 1233 610 1292 controversy
621 1229 777 1292 oonaeming
784 1229 949 1293 jurisdiction
960 1243 1015 1277 was
1026 1229 1147 1277 renewed
1165 1229 1192 1277 in
1209 1230 1253 1279 the
1272 1232 1335 1278 next

331 1311 414 1374 reign,
425 1324 455 1358 as
466 1309 511 1356 the
528 1307 668 1370 following,
680 1306 749 1356 irom
761 1308 806 1356 tha
817 1323 888 1356 sama
899 1307 1030 1357 chronicle
1041 1308 1070 1356 oi
1087 1308 1188 1356 Tharne
1207 1307 1234 1371 (2
1246 1308 1336 1372 Twys·

331 1387 390 1447 den,
402 1402 428 1449 p.
441 1387 526 1447 1842),
537 1385 622 1434 shows
632 1382 684 1447 :-]

376 1478 471 1540 Anno
486 1473 618 1539 Domini
633 1473 863 1538 MCXCVIII.
880 1497 963 1537 anno
978 1473 1098 1538 scilicet
1112 1473 1196 1557 regis
1209 1474 1335 1538 Ricardi

332 1587 464 1666 decimo,
502 1608 606 1650 coram
646 1587 791 1651 Huberto
835 1586 1054 1650 Cantuaricnsi
1096 1585 1336 1671 archiepiscopo,

335 1698 469 1765 Ricardo
498 1678 641 1783 episeopo
667 1696 889 1776 londoniensi,
923 1696 1066 1762 Galfrido
1096 1698 1161 1762 filio
1187 1698 1273 1763 Petri
1303 1704 1337 1763 et

334 1809 424 1875 sociis
439 1832 546 1874 eorum
561 1815 640 1874 tune
655 1809 804 1893 temporis
814 1807 998 1893 justiciatiis
1013 1809 1134 1873 domini
1150 1810 1234 1894 regis
1253 1808 1335 1894 apud

335 1919 663 1999 Westmonasterium,
678 1920 782 2006 questi
797 1927 872 1985 sunt
886 1920 1031 1985 homines
1042 1921 1079 1985 de
1090 1922 1243 2001 Thaneto,
1253 1922 1335 2006 quod

335 2031 431 2097 abbas
457 2031 495 2096 de
520 2033 635 2096 Sancto
656 2031 839 2116 Augustino
864 2031 1041 2095 Cantuariae
1061 2032 1210 2115 exigebat
1229 2031 1269 2096 ab
1292 2032 1336 2097 eis

336 2142 467 2210 servicia
488 2148 521 2208 et
544 2143 785 2208 eonsuetudines
809 2166 878 2228 quae
903 2143 1003 2208 facere
1026 2166 1090 2208 non
1112 2143 1279 2223 deberent3
1304 2149 1337 2209 et

335 2253 472 2318 maxime
488 2253 571 2338 quod
584 2252 721 2317 iaciebat
736 2275 787 2318 eos
809 2254 895 2339 sequi
918 2255 1036 2318 curiam
1059 2277 1149 2318 suam
1164 2254 1202 2319 de
1219 2255 1336 2319 Sancto

337 2363 520 2449 Augustino
535 2368 569 2428 et
588 2363 633 2427 ibi
654 2363 804 2448 placitare
819 2369 852 2428 et
874 2371 959 2430 recto
974 2372 1066 2444 stare,
1082 2366 1165 2450 quod
1180 2365 1240 2450 ipsi
1255 2366 1337 2430 dice·

336 2476 415 2541 bant
445 2498 477 2540 se
513 2497 578 2540 non
607 2474 718 2540 debere
751 2475 850 2540 iacere
886 2475 942 2556 ibi,
973 2484 1021 2541 set
1047 2477 1081 2540 in
1105 2477 1228 2542 Thanet
1253 2477 1337 2561 apud

337 2589 491 2652 Menstre.
549 2583 716 2651 Venerunt
747 2609 821 2670 ergo
853 2593 886 2651 et
920 2593 1092 2672 posuerunt
1127 2588 1194 2653 loco
1218 2611 1274 2652 suo
1297 2588 1338 2653 ad

336 2695 522 2762 lucrandum
536 2694 586 2760 vel
601 2697 794 2781 perdendum
809 2699 917 2762 XXX.
934 2697 1075 2763 homines
1090 2698 1124 2762 in
1136 2699 1205 2783 ipsa
1214 2699 1339 2783 querela

338 2810 436 2876 socios
454 2831 562 2872 versus
588 2807 691 2897 ipsum
722 2808 880 2876 abbatem.
941 2810 1001 2874 Die
1027 2814 1131 2875 autem
1162 2811 1337 2876 constituto

340 2921 463 3006 utrique
478 2920 570 3006 parti,
586 2920 671 2985 intra
692 2922 809 3007 pascha
828 2927 982 2987 venerunt
996 2920 1057 3006 ipsi
1071 2922 1179 2986 XXX.
1196 2945 1252 3007 pro
1267 2923 1338 2988 aliis

337 3031 518 3098 hominibus
542 3031 581 3096 de
606 3033 729 3098 'Phanai
748 3033 803 3118 qui
827 3034 867 3098 ad
889 3033 1035 3099 abbatem
1050 3056 1114 3098 non
1137 3034 1288 3099 tenebant
1305 3041 1339 3101 et

338 3149 538 3211 retraxerunt
553 3166 595 3221 se,
610 3150 643 3208 et
661 3144 795 3227 judicati
813 3151 889 3210 sunt
910 3145 944 3209 in
967 3145 1177 3210 misericordia
1190 3168 1246 3230 pro
1262 3146 1339 3211 falso

339 3255 484 3331 clamore,
498 3259 531 3317 et
548 3253 675 3317 Samuel
692 3261 725 3318 et
742 3255 885 3320 Norman
901 3263 1064 3323 remanent
1078 3256 1113 3321 in
1127 3257 1253 3343 prisona
1267 3256 1340 3342 quia

339 3369 510 3431 tenuerunt
524 3385 557 3428 se
571 3385 645 3428 eum
660 3365 755 3429 armis
771 3365 804 3429 in
819 3366 957 3432 ecclesia.

427 3778 553 3862 [Aaaor
576 3778 745 3842 Mrmunw
762 3802 790 3844 o.
806 3781 921 3845 Aaaor
944 3785 1092 3848 Rarum.
1141 3784 1266 3868 1176]ι

344 3903 506 3970 [Subjeetion
517 3904 547 3953 of
554 3904 600 3953 the
611 3905 709 3969 abbeys
720 3910 749 3955 at
765 3906 793 3954 B.
806 3906 858 3954 and
869 3907 899 3955 D.
912 3909 941 3955 to
952 3908 997 3957 the
1008 3908 1150 3957 defendant
1168 3909 1298 3973 adjndged
1315 3911 1344 3960 in

407 3984 452 4030 the
463 3982 572 4044 chapter
582 3983 613 4031 oi
626 3983 749 4046 flavigny,
760 3984 848 4032 before
858 3985 960 4042 abbots,
972 3987 1049 4048 prior,
1062 3987 1114 4035 and
1126 3986 1277 4051 subprior]

344 4085 473 4148 Fruruu
489 4084 704 4148 Gurmrurrus
721 4085 871 4169 Savignei
887 4085 990 4150 dietus
1010 4087 1116 4166 abbas,
1130 4088 1276 4151 omnibus
1290 4088 1345 4152 ab·

556 4218 563 4250 ¹
583 4221 772 4271 Ecclesiastienl
787 4224 849 4272 Doc.
863 4224 894 4271 52
909 4221 1036 4287 (Canrden
1049 4223 1129 4288 Soa).
