3000 4972
247 540 287 602 60
496 559 630 603 mom
654 558 1002 603 aucto-ucuuauuicu.

586 734 719 818 [Duouo
743 757 770 802 a.
787 736 914 819 W1n0.]

289 870 329 933 Iu
354 869 490 935 Wellebi
512 870 657 935 hundred
679 871 797 937 clamat
827 872 936 956 Drogo
969 869 1057 936 IIII.
1084 874 1246 935 carucatas

246 986 328 1045 terre
357 1003 450 1064 super
478 980 597 1046 Widou
627 982 666 1046 dc
696 983 833 1060 Creduu,
864 982 918 1046 sed
947 987 1109 1068 wapentac
1141 987 1246 1066 portat

246 1091 377 1156 Widoui
389 1091 606 1157 testimonium
622 1092 705 1178 quod
715 1093 788 1176 jure
802 1091 871 1176 ejus
886 1099 970 1157 sunt

540 1522 646 1607 [Esau
668 1523 763 1586 ΛΜΝ
785 1545 813 1586 υ.
830 1520 958 1603 W1u0.]

287 1682 384 1748 Widc
410 1682 448 1747 dc
473 1682 615 1748 credone
644 1688 734 1748 tenet
759 1683 793 1746 iu
823 1682 977 1747 Draitcne
1002 1681 1088 1749 IIII.
1113 1683 1245 1747 bovatas

245 1799 336 1865 terrae
346 1799 379 1858 et
393 1793 427 1856 in
440 1794 569 1858 Bichere
580 1793 723 1858 hundred
736 1794 776 1856 X.
792 1793 934 1871 bovatas,
950 1791 988 1857 de
1002 1799 1087 1857 terra
1102 1794 1244 1858 Adestau

245 1903 471 1968 Godramsunc.
511 1905 583 1967 Hoc
592 1902 825 1987 calumpniatur
839 1925 942 1967 comes
957 1904 1090 1984 Alanus,
1104 1910 1136 1969 ct
1145 1905 1246 1989 Alger

245 2013 340 2078 homo
364 2015 430 2098 ejus
452 2013 540 2079 dedit
561 2014 777 2079 vadimonium
800 2013 970 2079 baronibus
993 2015 1086 2099 regis,
1109 2016 1148 2080 ad
1171 2039 1243 2081 con·

245 2123 435 2187 firmandum
465 2148 520 2209 per
550 2125 708 2208 judicium
742 2131 798 2189 aut
827 2147 882 2210 per
908 2125 1038 2206 bellum,
1064 2126 1148 2211 quod
1178 2127 1244 2212 ipse

246 2235 387 2299 Adestau
404 2236 442 2300 de
457 2237 506 2300 his
522 2237 642 2302 XIIII.
659 2237 783 2302 bovatis
798 2236 924 2301 saisitus
940 2260 1004 2301 non
1019 2238 1091 2318 fuit,
1106 2244 1246 2323 tempore

246 2345 331 2428 regis
357 2346 515 2412 Edwardi.
562 2349 590 2412 Ε
617 2356 726 2412 contra
748 2347 842 2412 homo
870 2346 1017 2411 Widcuis
1046 2347 1180 2411 Alestan
1206 2348 1245 2412 de

246 2457 404 2521 Frantoue
436 2457 524 2521 dedit
554 2480 648 2522 suum
673 2457 888 2522 vadimonium
918 2457 957 2521 ad
995 2457 1245 2521 convincendum

243 2567 326 2652 qucd
341 2567 413 2632 inde
429 2568 555 2633 saisitus
578 2575 646 2633 erat
668 2591 741 2633 cum
759 2591 830 2632 saca
853 2574 885 2632 et
907 2590 987 2646 soca,
1004 2575 1036 2632 et
1052 2569 1148 2632 Wido
1170 2568 1244 2633 inde

243 2678 305 2741 fuit
329 2677 456 2743 saisitus
483 2702 520 2744 ex
544 2686 684 2764 tempore
708 2678 834 2742 Radulfi
859 2677 955 2742 stalre
979 2700 1076 2762 usquc
1103 2701 1196 2758 nunc,
1212 2688 1245 2745 et

244 2789 335 2853 modo
349 2797 448 2856 tenet.

600 3233 708 3315 [Sauu
731 3233 894 3316 Pauams]

289 3392 396 3457 Guerd
418 3393 511 3457 homo
527 3393 622 3456 Alani
645 3416 747 3459 comcs
769 3396 859 3460 dedit
874 3396 1092 3462 vadimonium
1107 3396 1147 3460 ad
1162 3395 1244 3460 affir-

185 3519 188 3526 '
244 3502 396 3566 mundum
432 3502 514 3586 quod
548 3508 724 3567 antecessor
756 3505 852 3569 Alani
882 3505 1007 3570 comitis
1043 3505 1156 3570 habuit
1181 3506 1244 3568 VI.

243 3613 375 3678 bovatas
390 3620 479 3677 tcrrae
494 3636 565 3677 cum
590 3636 660 3678 saca
681 3622 714 3680 et
736 3639 806 3680 soca
828 3616 862 3681 iu
879 3618 1033 3682 Gosebert
1055 3617 1195 3694 cherche,
1212 3621 1245 3680 et

243 3723 313 3789 ideo
329 3724 423 3788 Wido
438 3725 476 3789 de
493 3724 619 3789 Credun
635 3747 698 3790 uon
713 3733 796 3791 recte
811 3750 863 3792 eas
878 3728 1004 3794 clamat.
1158 3723 1161 3728 ’
