<?xml version="1.0" encoding="UTF-8"?>
<!DOCTYPE html PUBLIC "-//W3C//DTD XHTML 1.0 Transitional//EN"
    "http://www.w3.org/TR/xhtml1/DTD/xhtml1-transitional.dtd">
<html xmlns="http://www.w3.org/1999/xhtml" xml:lang="en" lang="en">
 <head>
  <title>
</title>
<meta http-equiv="Content-Type" content="text/html;charset=utf-8" />
  <meta name='ocr-system' content='tesseract 3.04.00' />
  <meta name='ocr-capabilities' content='ocr_page ocr_carea ocr_par ocr_line ocrx_word'/>
</head>
<body>
  <div class='ocr_page' id='page_1' title='image "./placitaanglonor00bigegoog_0113.png"; bbox 0 0 3000 4972; ppageno 0'>
   <div class='ocr_carea' id='block_1_1' title="bbox 300 528 1065 590">
    <p class='ocr_par' dir='ltr' id='par_1_1' title="bbox 300 528 1065 590">
     <span class='ocr_line' id='line_1_1' title="bbox 300 528 1065 590; baseline 0.001 -1"><span class='ocrx_word' id='word_1_1' title='bbox 300 528 344 589; x_wconf 82' lang='lat'>44</span> <span class='ocrx_word' id='word_1_2' title='bbox 559 544 692 588; x_wconf 78' lang='lat' dir='ltr'>emcrm</span> <span class='ocrx_word' id='word_1_3' title='bbox 714 543 1065 590; x_wconf 63' lang='lat' dir='ltr'>mom-nonmusios.</span> 
     </span>
    </p>
   </div>
   <div class='ocr_carea' id='block_1_2' title="bbox 300 723 1302 806">
    <p class='ocr_par' dir='ltr' id='par_1_2' title="bbox 300 723 1302 806">
     <span class='ocr_line' id='line_1_2' title="bbox 300 723 1302 806; baseline -0.001 -20"><span class='ocrx_word' id='word_1_4' title='bbox 300 723 438 803; x_wconf 71' lang='lat' dir='ltr'>[Sumus</span> <span class='ocrx_word' id='word_1_5' title='bbox 460 741 500 785; x_wconf 81' lang='lat' dir='ltr'>or</span> <span class='ocrx_word' id='word_1_6' title='bbox 522 741 658 786; x_wconf 69' lang='lat' dir='ltr'>cuorum</span> <span class='ocrx_word' id='word_1_7' title='bbox 680 723 849 786; x_wconf 78' lang='lat' dir='ltr'>Faenum.</span> <span class='ocrx_word' id='word_1_8' title='bbox 896 724 1005 785; x_wconf 80' lang='lat' dir='ltr'>Pnoor</span> <span class='ocrx_word' id='word_1_9' title='bbox 1034 726 1150 787; x_wconf 82' lang='lat' dir='ltr'>“curu</span> <span class='ocrx_word' id='word_1_10' title='bbox 1173 724 1302 806; x_wconf 57' lang='grc' dir='ltr'>ΜΡ]</span> 
     </span>
    </p>
   </div>
   <div class='ocr_carea' id='block_1_3' title="bbox 297 858 1303 1725">
    <p class='ocr_par' dir='ltr' id='par_1_3' title="bbox 297 858 1303 1725">
     <span class='ocr_line' id='line_1_3' title="bbox 344 858 1303 939; baseline 0.001 -18"><span class='ocrx_word' id='word_1_11' title='bbox 344 859 384 921; x_wconf 93' lang='lat' dir='ltr'>ln</span> <span class='ocrx_word' id='word_1_12' title='bbox 412 859 521 922; x_wconf 88' lang='lat' dir='ltr'>eadem</span> <span class='ocrx_word' id='word_1_13' title='bbox 550 858 662 939; x_wconf 87' lang='lat' dir='ltr'>[terra]</span> <span class='ocrx_word' id='word_1_14' title='bbox 687 858 801 922; x_wconf 84' lang='lat' dir='ltr'>XVII.</span> <span class='ocrx_word' id='word_1_15' title='bbox 817 858 908 922; x_wconf 83' lang='lat' dir='ltr'>liberi</span> <span class='ocrx_word' id='word_1_16' title='bbox 934 859 1077 923; x_wconf 87' lang='lat' dir='ltr'>homines</span> <span class='ocrx_word' id='word_1_17' title='bbox 1102 877 1179 923; x_wconf 83' lang='lat' dir='ltr'>sunt</span> <span class='ocrx_word' id='word_1_18' title='bbox 1202 860 1303 924; x_wconf 89' lang='lat' dir='ltr'>additi</span> 
     </span>
     <span class='ocr_line' id='line_1_4' title="bbox 299 968 1302 1054; baseline 0.001 -21"><span class='ocrx_word' id='word_1_19' title='bbox 299 970 373 1033; x_wconf 88' lang='lat' dir='ltr'>huic</span> <span class='ocrx_word' id='word_1_20' title='bbox 389 968 528 1032; x_wconf 89' lang='lat' dir='ltr'>manerio</span> <span class='ocrx_word' id='word_1_21' title='bbox 540 968 703 1050; x_wconf 73' lang='lat' dir='ltr'>[Surlram]</span> <span class='ocrx_word' id='word_1_22' title='bbox 716 974 856 1051; x_wconf 86' lang='lat' dir='ltr'>tempore</span> <span class='ocrx_word' id='word_1_23' title='bbox 871 968 1131 1052; x_wconf 86' lang='lat' dir='ltr'>regisWillclmi,</span> <span class='ocrx_word' id='word_1_24' title='bbox 1141 970 1302 1054; x_wconf 88' lang='lat' dir='ltr'>dequibus</span> 
     </span>
     <span class='ocr_line' id='line_1_5' title="bbox 299 1078 1302 1163; baseline 0.002 -21"><span class='ocrx_word' id='word_1_25' title='bbox 299 1079 398 1143; x_wconf 86' lang='lat' dir='ltr'>nichil</span> <span class='ocrx_word' id='word_1_26' title='bbox 420 1078 532 1142; x_wconf 89' lang='lat' dir='ltr'>habuit</span> <span class='ocrx_word' id='word_1_27' title='bbox 553 1085 731 1141; x_wconf 74' lang='lat' dir='ltr'>antecessor</span> <span class='ocrx_word' id='word_1_28' title='bbox 760 1079 880 1162; x_wconf 85' lang='lat' dir='ltr'>Rogcri</span> <span class='ocrx_word' id='word_1_29' title='bbox 917 1079 1028 1163; x_wconf 81' lang='lat' dir='ltr'>Bigot.</span> <span class='ocrx_word' id='word_1_30' title='bbox 1074 1082 1159 1144; x_wconf 82' lang='lat' dir='ltr'>Istos</span> <span class='ocrx_word' id='word_1_31' title='bbox 1188 1082 1302 1145; x_wconf 80' lang='lat' dir='ltr'>liberos</span> 
     </span>
     <span class='ocr_line' id='line_1_6' title="bbox 298 1188 1300 1271; baseline 0.002 -20"><span class='ocrx_word' id='word_1_32' title='bbox 298 1189 441 1253; x_wconf 89' lang='lat' dir='ltr'>homines</span> <span class='ocrx_word' id='word_1_33' title='bbox 463 1189 696 1270; x_wconf 79' lang='lat' dir='ltr'><strong>calumpniatur</strong></span> <span class='ocrx_word' id='word_1_34' title='bbox 722 1188 867 1271; x_wconf 81' lang='lat' dir='ltr'>Rogerus</span> <span class='ocrx_word' id='word_1_35' title='bbox 892 1189 931 1252; x_wconf 88' lang='lat' dir='ltr'>de</span> <span class='ocrx_word' id='word_1_36' title='bbox 956 1191 1066 1253; x_wconf 78' lang='lat' dir='ltr'>ltamis</span> <span class='ocrx_word' id='word_1_37' title='bbox 1095 1192 1233 1255; x_wconf 86' lang='lat' dir='ltr'>tonuisse</span> <span class='ocrx_word' id='word_1_38' title='bbox 1262 1190 1300 1253; x_wconf 86' lang='lat' dir='ltr'>ad</span> 
     </span>
     <span class='ocr_line' id='line_1_7' title="bbox 297 1298 1303 1384; baseline 0.002 -22"><span class='ocrx_word' id='word_1_39' title='bbox 297 1322 391 1362; x_wconf 84' lang='lat' dir='ltr'>suum</span> <span class='ocrx_word' id='word_1_40' title='bbox 407 1298 536 1361; x_wconf 87' lang='lat' dir='ltr'>feudum</span> <span class='ocrx_word' id='word_1_41' title='bbox 551 1306 719 1381; x_wconf 82' lang='lat' dir='ltr'>antequam</span> <span class='ocrx_word' id='word_1_42' title='bbox 738 1299 882 1378; x_wconf 74' lang='lat' dir='ltr'>Rogcrus</span> <span class='ocrx_word' id='word_1_43' title='bbox 895 1299 995 1381; x_wconf 80' lang='lat' dir='ltr'>Bigot</span> <span class='ocrx_word' id='word_1_44' title='bbox 1007 1306 1122 1363; x_wconf 84' lang='lat' dir='ltr'>terram</span> <span class='ocrx_word' id='word_1_45' title='bbox 1136 1301 1303 1384; x_wconf 87' lang='lat' dir='ltr'>recepisset</span> 
     </span>
     <span class='ocr_line' id='line_1_8' title="bbox 297 1408 1301 1494; baseline 0.002 -22"><span class='ocrx_word' id='word_1_46' title='bbox 297 1409 331 1472; x_wconf 94' lang='lat' dir='ltr'>in</span> <span class='ocrx_word' id='word_1_47' title='bbox 347 1408 487 1486; x_wconf 86' lang='lat' dir='ltr'>Sudfolc,</span> <span class='ocrx_word' id='word_1_48' title='bbox 503 1408 557 1472; x_wconf 85' lang='lat' dir='ltr'>sed</span> <span class='ocrx_word' id='word_1_49' title='bbox 573 1408 710 1472; x_wconf 80' lang='lat' dir='ltr'>hundret</span> <span class='ocrx_word' id='word_1_50' title='bbox 720 1417 858 1473; x_wconf 79' lang='lat' dir='ltr'>testatur</span> <span class='ocrx_word' id='word_1_51' title='bbox 874 1409 957 1493; x_wconf 90' lang='lat' dir='ltr'>quod</span> <span class='ocrx_word' id='word_1_52' title='bbox 971 1410 1116 1492; x_wconf 82' lang='lat' dir='ltr'>Rogerus</span> <span class='ocrx_word' id='word_1_53' title='bbox 1132 1410 1233 1494; x_wconf 86' lang='lat' dir='ltr'>Bigot</span> <span class='ocrx_word' id='word_1_54' title='bbox 1248 1434 1301 1474; x_wconf 89' lang='lat' dir='ltr'>eos</span> 
     </span>
     <span class='ocr_line' id='line_1_9' title="bbox 298 1522 1301 1606; baseline 0 -18"><span class='ocrx_word' id='word_1_55' title='bbox 298 1523 464 1606; x_wconf 76' lang='lat' dir='ltr'>recepisset</span> <span class='ocrx_word' id='word_1_56' title='bbox 492 1523 580 1606; x_wconf 88' lang='lat' dir='ltr'>prius</span> <span class='ocrx_word' id='word_1_57' title='bbox 609 1523 649 1585; x_wconf 89' lang='lat' dir='ltr'>ad</span> <span class='ocrx_word' id='word_1_58' title='bbox 678 1546 769 1585; x_wconf 85' lang='lat' dir='ltr'>suum</span> <span class='ocrx_word' id='word_1_59' title='bbox 801 1522 941 1600; x_wconf 88' lang='lat' dir='ltr'>feudum,</span> <span class='ocrx_word' id='word_1_60' title='bbox 962 1531 996 1586; x_wconf 87' lang='lat' dir='ltr'>et</span> <span class='ocrx_word' id='word_1_61' title='bbox 1021 1523 1079 1586; x_wconf 91' lang='lat' dir='ltr'>hoc</span> <span class='ocrx_word' id='word_1_62' title='bbox 1111 1523 1301 1588; x_wconf 77' lang='lat' dir='ltr'>contradicit</span> 
     </span>
     <span class='ocr_line' id='line_1_10' title="bbox 298 1633 830 1725; baseline -0.002 -27"><span class='ocrx_word' id='word_1_63' title='bbox 298 1635 443 1718; x_wconf 84' lang='lat' dir='ltr'>Rogerus</span> <span class='ocrx_word' id='word_1_64' title='bbox 457 1633 495 1696; x_wconf 92' lang='lat' dir='ltr'>de</span> <span class='ocrx_word' id='word_1_65' title='bbox 512 1633 622 1697; x_wconf 87' lang='lat' dir='ltr'>Ramis</span> <span class='ocrx_word' id='word_1_66' title='bbox 638 1635 724 1697; x_wconf 90' lang='lat' dir='ltr'>omui</span> <span class='ocrx_word' id='word_1_67' title='bbox 741 1634 830 1725; x_wconf 65' lang='lat' dir='ltr'>lege}</span> 
     </span>
    </p>
   </div>
   <div class='ocr_carea' id='block_1_4' title="bbox 301 2158 1299 2243">
    <p class='ocr_par' dir='ltr' id='par_1_4' title="bbox 301 2158 1299 2243">
     <span class='ocr_line' id='line_1_11' title="bbox 301 2158 1299 2243; baseline 0.002 -21"><span class='ocrx_word' id='word_1_68' title='bbox 301 2158 414 2239; x_wconf 69' lang='lat' dir='ltr'>[Lino</span> <span class='ocrx_word' id='word_1_69' title='bbox 434 2178 471 2224; x_wconf 82' lang='lat' dir='ltr'>m</span> <span class='ocrx_word' id='word_1_70' title='bbox 489 2159 742 2223; x_wconf 69' lang='lat' dir='ltr'>Iliumcesron.</span> <span class='ocrx_word' id='word_1_71' title='bbox 789 2161 1089 2224; x_wconf 81' lang='lat' dir='ltr'>Pncor“0uu1nus</span> <span class='ocrx_word' id='word_1_72' title='bbox 1116 2163 1299 2243; x_wconf 61' lang='lat' dir='ltr'>triornusss&#39;]</span> 
     </span>
    </p>
   </div>
   <div class='ocr_carea' id='block_1_5' title="bbox 295 2319 1301 3180">
    <p class='ocr_par' dir='ltr' id='par_1_5' title="bbox 295 2319 1301 3180">
     <span class='ocr_line' id='line_1_12' title="bbox 339 2319 1301 2403; baseline 0.001 -20"><span class='ocrx_word' id='word_1_73' title='bbox 339 2320 453 2384; x_wconf 79' lang='lat' dir='ltr'>Totam</span> <span class='ocrx_word' id='word_1_74' title='bbox 473 2325 589 2382; x_wconf 84' lang='lat' dir='ltr'>terram</span> <span class='ocrx_word' id='word_1_75' title='bbox 606 2319 732 2383; x_wconf 85' lang='lat' dir='ltr'>Wicolfi</span> <span class='ocrx_word' id='word_1_76' title='bbox 750 2320 806 2401; x_wconf 92' lang='lat' dir='ltr'>[V.</span> <span class='ocrx_word' id='word_1_77' title='bbox 822 2343 900 2383; x_wconf 72' lang='lat' dir='ltr'>acra</span> <span class='ocrx_word' id='word_1_78' title='bbox 916 2320 949 2383; x_wconf 91' lang='lat' dir='ltr'>in</span> <span class='ocrx_word' id='word_1_79' title='bbox 967 2320 1252 2403; x_wconf 82' lang='lat' dir='ltr'>Humingestuna],</span> <span class='ocrx_word' id='word_1_80' title='bbox 1269 2329 1301 2385; x_wconf 86' lang='lat' dir='ltr'>ct</span> 
     </span>
     <span class='ocr_line' id='line_1_13' title="bbox 297 2431 1300 2516; baseline 0 -21"><span class='ocrx_word' id='word_1_81' title='bbox 297 2432 354 2495; x_wconf 84' lang='lat' dir='ltr'>hos</span> <span class='ocrx_word' id='word_1_82' title='bbox 379 2454 488 2496; x_wconf 86' lang='lat' dir='ltr'>omnes</span> <span class='ocrx_word' id='word_1_83' title='bbox 517 2431 630 2495; x_wconf 81' lang='lat' dir='ltr'>liberos</span> <span class='ocrx_word' id='word_1_84' title='bbox 656 2431 799 2495; x_wconf 86' lang='lat' dir='ltr'>homines</span> <span class='ocrx_word' id='word_1_85' title='bbox 823 2432 907 2516; x_wconf 92' lang='lat' dir='ltr'>quod</span> <span class='ocrx_word' id='word_1_86' title='bbox 933 2438 1022 2495; x_wconf 85' lang='lat' dir='ltr'>tonet</span> <span class='ocrx_word' id='word_1_87' title='bbox 1049 2431 1233 2514; x_wconf 79' lang='lat' dir='ltr'>Warengus</span> <span class='ocrx_word' id='word_1_88' title='bbox 1262 2433 1300 2495; x_wconf 88' lang='lat' dir='ltr'>dc</span> 
     </span>
     <span class='ocr_line' id='line_1_14' title="bbox 297 2542 1301 2626; baseline -0.001 -20"><span class='ocrx_word' id='word_1_89' title='bbox 297 2543 422 2626; x_wconf 80' lang='lat' dir='ltr'>Rogero</span> <span class='ocrx_word' id='word_1_90' title='bbox 437 2542 547 2626; x_wconf 79' lang='lat' dir='ltr'>Bigot,</span> <span class='ocrx_word' id='word_1_91' title='bbox 561 2542 796 2625; x_wconf 82' lang='lat' dir='ltr'>calumpniatur</span> <span class='ocrx_word' id='word_1_92' title='bbox 812 2544 957 2625; x_wconf 87' lang='lat' dir='ltr'>Rogerus</span> <span class='ocrx_word' id='word_1_93' title='bbox 972 2542 1011 2605; x_wconf 90' lang='lat' dir='ltr'>de</span> <span class='ocrx_word' id='word_1_94' title='bbox 1027 2542 1162 2621; x_wconf 85' lang='lat' dir='ltr'>Raimis‚</span> <span class='ocrx_word' id='word_1_95' title='bbox 1176 2552 1209 2605; x_wconf 89' lang='lat' dir='ltr'>et</span> <span class='ocrx_word' id='word_1_96' title='bbox 1223 2542 1301 2605; x_wconf 86' lang='lat' dir='ltr'>dicit</span> 
     </span>
     <span class='ocr_line' id='line_1_15' title="bbox 295 2653 1301 2739; baseline -0.002 -22"><span class='ocrx_word' id='word_1_97' title='bbox 295 2654 379 2739; x_wconf 91' lang='lat' dir='ltr'>quod</span> <span class='ocrx_word' id='word_1_98' title='bbox 402 2653 464 2718; x_wconf 82' lang='lat' dir='ltr'>sibi</span> <span class='ocrx_word' id='word_1_99' title='bbox 486 2653 656 2718; x_wconf 87' lang='lat' dir='ltr'>liberatum</span> <span class='ocrx_word' id='word_1_100' title='bbox 683 2653 745 2716; x_wconf 83' lang='lat' dir='ltr'>fuit</span> <span class='ocrx_word' id='word_1_101' title='bbox 770 2654 955 2738; x_wconf 82' lang='lat' dir='ltr'>priusquam</span> <span class='ocrx_word' id='word_1_102' title='bbox 982 2653 1107 2736; x_wconf 86' lang='lat' dir='ltr'>Rogcro</span> <span class='ocrx_word' id='word_1_103' title='bbox 1132 2653 1240 2736; x_wconf 87' lang='lat' dir='ltr'>Bigot,</span> <span class='ocrx_word' id='word_1_104' title='bbox 1267 2660 1301 2716; x_wconf 88' lang='lat' dir='ltr'>et</span> 
     </span>
     <span class='ocr_line' id='line_1_16' title="bbox 295 2764 1300 2849; baseline -0.002 -21"><span class='ocrx_word' id='word_1_105' title='bbox 295 2765 434 2830; x_wconf 85' lang='lat' dir='ltr'>hundret</span> <span class='ocrx_word' id='word_1_106' title='bbox 449 2765 548 2829; x_wconf 76' lang='lat' dir='ltr'>nescit</span> <span class='ocrx_word' id='word_1_107' title='bbox 562 2786 601 2829; x_wconf 84' lang='lat' dir='ltr'>ex</span> <span class='ocrx_word' id='word_1_108' title='bbox 616 2764 674 2828; x_wconf 92' lang='lat' dir='ltr'>hoo</span> <span class='ocrx_word' id='word_1_109' title='bbox 692 2787 803 2829; x_wconf 86' lang='lat' dir='ltr'>verum</span> <span class='ocrx_word' id='word_1_110' title='bbox 817 2764 929 2844; x_wconf 89' lang='lat' dir='ltr'>dicere,</span> <span class='ocrx_word' id='word_1_111' title='bbox 940 2765 1016 2849; x_wconf 83' lang='lat' dir='ltr'>quia</span> <span class='ocrx_word' id='word_1_112' title='bbox 1030 2764 1082 2829; x_wconf 86' lang='lat' dir='ltr'>ille</span> <span class='ocrx_word' id='word_1_113' title='bbox 1099 2765 1300 2847; x_wconf 81' lang='lat' dir='ltr'>Garongerus</span> 
     </span>
     <span class='ocr_line' id='line_1_17' title="bbox 295 2875 1300 2960; baseline 0 -21"><span class='ocrx_word' id='word_1_114' title='bbox 295 2875 336 2939; x_wconf 89' lang='lat' dir='ltr'>de</span> <span class='ocrx_word' id='word_1_115' title='bbox 358 2881 492 2960; x_wconf 91' lang='lat' dir='ltr'>utroque</span> <span class='ocrx_word' id='word_1_116' title='bbox 515 2875 653 2954; x_wconf 86' lang='lat' dir='ltr'>tenebat,</span> <span class='ocrx_word' id='word_1_117' title='bbox 669 2875 723 2939; x_wconf 85' lang='lat' dir='ltr'>sed</span> <span class='ocrx_word' id='word_1_118' title='bbox 748 2881 856 2939; x_wconf 87' lang='lat' dir='ltr'>tamen</span> <span class='ocrx_word' id='word_1_119' title='bbox 879 2875 932 2939; x_wconf 86' lang='lat' dir='ltr'>ille</span> <span class='ocrx_word' id='word_1_120' title='bbox 949 2877 1159 2959; x_wconf 84' lang='lat' dir='ltr'>Warengerus</span> <span class='ocrx_word' id='word_1_121' title='bbox 1176 2882 1300 2939; x_wconf 80' lang='lat' dir='ltr'>revocat</span> 
     </span>
     <span class='ocr_line' id='line_1_18' title="bbox 296 2985 1300 3072; baseline 0 -23"><span class='ocrx_word' id='word_1_122' title='bbox 296 2986 337 3049; x_wconf 82' lang='lat' dir='ltr'>ad</span> <span class='ocrx_word' id='word_1_123' title='bbox 360 2985 489 3051; x_wconf 87' lang='lat' dir='ltr'>feudum</span> <span class='ocrx_word' id='word_1_124' title='bbox 515 2986 635 3070; x_wconf 85' lang='lat' dir='ltr'>Rogeri</span> <span class='ocrx_word' id='word_1_125' title='bbox 669 2987 777 3071; x_wconf 65' lang='lat' dir='ltr'>logos,</span> <span class='ocrx_word' id='word_1_126' title='bbox 805 2995 838 3052; x_wconf 83' lang='lat' dir='ltr'>et</span> <span class='ocrx_word' id='word_1_127' title='bbox 863 2989 1008 3072; x_wconf 83' lang='lat' dir='ltr'>Rogerus</span> <span class='ocrx_word' id='word_1_128' title='bbox 1032 2988 1071 3051; x_wconf 90' lang='lat' dir='ltr'>dc</span> <span class='ocrx_word' id='word_1_129' title='bbox 1106 2987 1215 3050; x_wconf 85' lang='lat' dir='ltr'>Ramis</span> <span class='ocrx_word' id='word_1_130' title='bbox 1241 2988 1300 3050; x_wconf 89' lang='lat' dir='ltr'>hoc</span> 
     </span>
     <span class='ocr_line' id='line_1_19' title="bbox 295 3097 805 3180; baseline -0.008 -17"><span class='ocrx_word' id='word_1_131' title='bbox 295 3098 485 3163; x_wconf 82' lang='lat' dir='ltr'>contradicit</span> <span class='ocrx_word' id='word_1_132' title='bbox 498 3097 645 3162; x_wconf 88' lang='lat' dir='ltr'>omnibus</span> <span class='ocrx_word' id='word_1_133' title='bbox 659 3097 805 3180; x_wconf 77' lang='lat' dir='ltr'>legibus.²</span> 
     </span>
    </p>
   </div>
   <div class='ocr_carea' id='block_1_6' title="bbox 615 3580 982 3663">
    <p class='ocr_par' dir='ltr' id='par_1_6' title="bbox 615 3580 982 3663">
     <span class='ocr_line' id='line_1_20' title="bbox 615 3580 982 3663; baseline -0.014 -18"><span class='ocrx_word' id='word_1_134' title='bbox 615 3580 815 3663; x_wconf 82' lang='lat' dir='ltr'>[Fournrruo</span> <span class='ocrx_word' id='word_1_135' title='bbox 845 3580 982 3661; x_wconf 69' lang='lat' dir='ltr'>Linos]</span> 
     </span>
    </p>
   </div>
   <div class='ocr_carea' id='block_1_7' title="bbox 296 3735 1299 3937">
    <p class='ocr_par' dir='ltr' id='par_1_7' title="bbox 296 3735 1299 3937">
     <span class='ocr_line' id='line_1_21' title="bbox 340 3735 1299 3826; baseline -0.013 -20"><span class='ocrx_word' id='word_1_136' title='bbox 340 3744 391 3807; x_wconf 87' lang='lat' dir='ltr'>Ex</span> <span class='ocrx_word' id='word_1_137' title='bbox 423 3742 482 3805; x_wconf 87' lang='lat' dir='ltr'>hoc</span> <span class='ocrx_word' id='word_1_138' title='bbox 511 3742 695 3826; x_wconf 81' lang='lat' dir='ltr'>presbytero</span> <span class='ocrx_word' id='word_1_139' title='bbox 723 3739 887 3822; x_wconf 84' lang='lat' dir='ltr'>[Suarino]</span> <span class='ocrx_word' id='word_1_140' title='bbox 912 3744 980 3802; x_wconf 87' lang='lat' dir='ltr'>erat</span> <span class='ocrx_word' id='word_1_141' title='bbox 1001 3738 1127 3801; x_wconf 78' lang='lat' dir='ltr'>saisitus</span> <span class='ocrx_word' id='word_1_142' title='bbox 1151 3735 1299 3800; x_wconf 85' lang='lat' dir='ltr'>Galterus</span> 
     </span>
     <span class='ocr_line' id='line_1_22' title="bbox 296 3848 1299 3937; baseline -0.01 -20"><span class='ocrx_word' id='word_1_143' title='bbox 296 3854 398 3918; x_wconf 85' lang='lat' dir='ltr'>Dedol</span> <span class='ocrx_word' id='word_1_144' title='bbox 422 3853 546 3937; x_wconf 90' lang='lat' dir='ltr'>quando</span> <span class='ocrx_word' id='word_1_145' title='bbox 572 3851 722 3916; x_wconf 81' lang='lat' dir='ltr'>forisfecit</span> <span class='ocrx_word' id='word_1_146' title='bbox 746 3874 835 3913; x_wconf 85' lang='lat' dir='ltr'>suam</span> <span class='ocrx_word' id='word_1_147' title='bbox 859 3860 986 3927; x_wconf 85' lang='lat' dir='ltr'>terram,</span> <span class='ocrx_word' id='word_1_148' title='bbox 1005 3859 1038 3913; x_wconf 82' lang='lat' dir='ltr'>et</span> <span class='ocrx_word' id='word_1_149' title='bbox 1067 3871 1169 3912; x_wconf 87' lang='lat' dir='ltr'>comcs</span> <span class='ocrx_word' id='word_1_150' title='bbox 1201 3848 1299 3927; x_wconf 84' lang='lat' dir='ltr'>Hugo</span> 
     </span>
    </p>
   </div>
   <div class='ocr_carea' id='block_1_8' title="bbox 295 3956 1300 4160">
    <p class='ocr_par' dir='ltr' id='par_1_8' title="bbox 295 3956 1300 4160">
     <span class='ocr_line' id='line_1_23' title="bbox 296 3956 1298 4048; baseline -0.01 -20"><span class='ocrx_word' id='word_1_151' title='bbox 296 3970 404 4048; x_wconf 79' lang='lat' dir='ltr'>postea</span> <span class='ocrx_word' id='word_1_152' title='bbox 432 3963 514 4027; x_wconf 86' lang='lat' dir='ltr'>sicut</span> <span class='ocrx_word' id='word_1_153' title='bbox 541 3963 678 4026; x_wconf 86' lang='lat' dir='ltr'>hundret</span> <span class='ocrx_word' id='word_1_154' title='bbox 706 3968 852 4025; x_wconf 79' lang='lat' dir='ltr'>testatur.</span> <span class='ocrx_word' id='word_1_155' title='bbox 898 3962 941 4024; x_wconf 77' lang='lat' dir='ltr'>Et</span> <span class='ocrx_word' id='word_1_156' title='bbox 978 3961 1182 4024; x_wconf 84' lang='lat' dir='ltr'>Normunnus</span> <span class='ocrx_word' id='word_1_157' title='bbox 1220 3956 1298 4019; x_wconf 89' lang='lat' dir='ltr'>dicit</span> 
     </span>
     <span class='ocr_line' id='line_1_24' title="bbox 295 4068 1300 4160; baseline -0.009 -21"><span class='ocrx_word' id='word_1_158' title='bbox 295 4075 381 4160; x_wconf 91' lang='lat' dir='ltr'>quod</span> <span class='ocrx_word' id='word_1_159' title='bbox 396 4097 451 4138; x_wconf 84' lang='lat' dir='ltr'>rex</span> <span class='ocrx_word' id='word_1_160' title='bbox 467 4073 554 4137; x_wconf 88' lang='lat' dir='ltr'>misit</span> <span class='ocrx_word' id='word_1_161' title='bbox 568 4073 595 4137; x_wconf 90' lang='lat' dir='ltr'>ei</span> <span class='ocrx_word' id='word_1_162' title='bbox 613 4096 711 4136; x_wconf 90' lang='lat' dir='ltr'>unum</span> <span class='ocrx_word' id='word_1_163' title='bbox 726 4072 853 4136; x_wconf 85' lang='lat' dir='ltr'>brevem</span> <span class='ocrx_word' id='word_1_164' title='bbox 869 4081 907 4136; x_wconf 87' lang='lat' dir='ltr'>ut</span> <span class='ocrx_word' id='word_1_165' title='bbox 921 4071 1044 4135; x_wconf 86' lang='lat' dir='ltr'>saisiret</span> <span class='ocrx_word' id='word_1_166' title='bbox 1061 4069 1234 4133; x_wconf 80' lang='lat' dir='ltr'>Raduli&#39;um</span> <span class='ocrx_word' id='word_1_167' title='bbox 1261 4068 1300 4130; x_wconf 85' lang='lat' dir='ltr'>de</span> 
     </span>
    </p>
   </div>
   <div class='ocr_carea' id='block_1_9' title="bbox 426 4269 1168 4336">
    <p class='ocr_par' dir='ltr' id='par_1_9' title="bbox 426 4269 1168 4336">
     <span class='ocr_line' id='line_1_25' title="bbox 426 4269 1168 4336; baseline -0.007 -15"><span class='ocrx_word' id='word_1_168' title='bbox 426 4274 434 4305; x_wconf 93' lang='lat'><strong>¹</strong></span> <span class='ocrx_word' id='word_1_169' title='bbox 451 4272 633 4336; x_wconf 74' lang='lat' dir='ltr'>anoomsday,</span> <span class='ocrx_word' id='word_1_170' title='bbox 645 4271 693 4324; x_wconf 79' lang='lat'>3³7</span> <span class='ocrx_word' id='word_1_171' title='bbox 705 4273 729 4321; x_wconf 90' lang='lat' dir='ltr'>b.</span> <span class='ocrx_word' id='word_1_172' title='bbox 1031 4269 1042 4302; x_wconf 80' lang='lat'>²</span> <span class='ocrx_word' id='word_1_173' title='bbox 1061 4270 1091 4317; x_wconf 88' lang='lat' dir='ltr'>Ib</span> <span class='ocrx_word' id='word_1_174' title='bbox 1111 4270 1168 4317; x_wconf 76' lang='lat'><strong>338.</strong></span> 
     </span>
    </p>
   </div>
   <div class='ocr_carea' id='block_1_10' title="bbox 0 0 1504 4972">
    <p class='ocr_par' dir='ltr' id='par_1_10' title="bbox 0 0 1504 4972">
     <span class='ocr_line' id='line_1_26' title="bbox 0 0 1504 4972; baseline 0 1"><span class='ocrx_word' id='word_1_175' title='bbox 0 0 1504 4972; x_wconf 95' lang='lat' dir='ltr'> </span> 
     </span>
    </p>
   </div>
  </div>
 </body>
</html>
