3000 4972
648 571 792 616 witmau
815 571 839 614 1.
1204 554 1245 617 33

309 723 460 785 inquisition
471 726 500 772 tc
510 724 640 773 asoartuin
651 723 699 772 tho
714 725 799 773 truth.
833 723 887 772 vhe
898 722 954 771 iuct
972 721 1052 770 found
1070 722 1097 770 in
1115 723 1207 772 favour
1217 723 1248 772 of

308 802 354 849 tha
363 802 450 861 ubbot,
462 802 514 850 and
524 816 541 850 u
550 802 611 851 urit
623 801 717 858 issued,
730 801 848 851 followed
860 802 896 865 by
906 800 1017 850 another
1023 800 1090 849 from
1098 801 1143 850 tha
1154 816 1245 864 queen,

308 879 430 940 ordcrr’ng
439 878 548 928 ressisin
559 880 589 928 oi
597 879 642 929 tho
653 878 755 943 ubbot.]
848 934 855 947 Ο

243 994 449 1057 Wuuuuuus
471 993 555 1057 filius
578 993 662 1079 regis
688 993 851 1058 Willelmo
875 992 1053 1058 vicecomiti
1078 992 1117 1057 dc
1145 994 1244 1073 Kcnt,

244 1103 387 1168 salutem.
433 1104 583 1188 Praecipio
598 1103 681 1188 quod
695 1103 856 1188 praecipias
872 1104 1023 1183 Hamoni,
1035 1104 1100 1168 filio
1115 1103 1245 1182 Vitalis,

243 1220 276 1279 et
290 1215 396 1298 probis
411 1214 524 1279 vicinis
539 1216 578 1279 de
595 1215 774 1294 Saudwich,
790 1238 868 1298 quos
885 1215 991 1280 Hamo
1006 1214 1195 1294 nominavit,
1207 1222 1244 1279 ut

242 1325 351 1389 dicant
366 1325 532 1390 veritatem
553 1325 592 1389 dc
614 1347 695 1389 nave
709 1325 833 1389 abbatis
856 1325 894 1388 de
918 1326 1035 1389 Sancto
1051 1325 1244 1408 Augustino

242 1435 317 1500 etsi
336 1436 426 1500 navis
449 1435 503 1499 illa
525 1435 663 1520 perrexit
677 1458 732 1520 per
755 1458 839 1500 marc
854 1436 905 1500 dio
925 1458 987 1520 qua
1001 1458 1055 1499 rex
1071 1435 1243 1499 novissime

245 1569 329 1611 mare
353 1547 511 1627 transivit,
527 1552 605 1610 tunc
628 1546 772 1631 praecipio
789 1551 826 1610 ut
841 1546 934 1611 modo
951 1551 1066 1631 pergat
1080 1567 1243 1631 quousque

244 1681 299 1721 rex
313 1657 348 1721 in
364 1658 517 1742 Angliam
533 1658 652 1737 veniat,
666 1663 700 1722 et
714 1658 842 1721 interim
865 1657 1044 1722 resaisiatur
1058 1657 1132 1721 inde
1147 1656 1245 1721 abbas

244 1770 421 1853 praedietus.
466 1770 559 1834 Teste
580 1769 724 1854 episcopo
752 1770 866 1832 Sarum
888 1774 922 1833 et
944 1768 1139 1848 cancellario,
1163 1766 1247 1852 apud

244 1880 428 1945 Wodstoke.

419 2055 500 2121 [Writ
510 2058 541 2107 oi
553 2059 689 2107 execution
699 2058 730 2106 of
742 2059 824 2107 ubovs
841 2073 875 2106 on
888 2054 1067 2120 jndgmsnt.]¹

289 2169 468 2235 Willslmus
491 2171 575 2235 filius
591 2170 674 2254 regis
698 2171 859 2236 Willelmo
883 2169 1061 2235 vicecomiti
1082 2168 1121 2234 dc
1146 2169 1245 2249 Keut,

246 2281 389 2346 salutem.
435 2281 587 2367 Praecipio
609 2283 692 2368 quod
718 2282 858 2346 rosaisias
880 2281 1027 2346 abbatom
1057 2280 1095 2345 de
1127 2281 1245 2345 Sancto

247 2392 428 2477 Augustino
454 2393 493 2482 dc
517 2416 596 2460 nave
622 2417 688 2473 sua,
712 2393 796 2458 sicut
816 2415 876 2477 ogo
901 2392 1033 2477 praecepi
1057 2413 1112 2477 per
1138 2413 1245 2455 meum

245 2504 331 2568 aliud
346 2503 449 2584 breve,
465 2510 498 2569 et
513 2504 594 2569 sicut
615 2505 814 2589 recognitum
830 2502 893 2566 fuit
907 2525 963 2587 per
977 2502 1090 2587 probos
1105 2500 1249 2567 homiues

245 2614 426 2695 comitatus,
449 2615 531 2699 quod
561 2615 634 2680 iude
656 2615 753 2679 abbas
776 2619 845 2678 erat
870 2613 1008 2692 saisitus,
1033 2611 1084 2676 die
1108 2634 1170 2697 qua
1194 2633 1249 2675 rex

246 2749 331 2790 mare
361 2726 529 2790 novissime
559 2726 728 2804 transivit3
761 2732 794 2789 et
820 2725 853 2787 iu
880 2746 955 2809 pace
984 2729 1102 2789 teneat.
1156 2723 1248 2786 Teste

245 2835 439 2913 cancellario
451 2835 535 2918 apud
547 2834 749 2901 Weudcsorc.
793 2835 838 2898 Et
851 2835 911 2898 hcc
926 2834 993 2898 siue
1008 2855 1105 2912 mora,
1121 2854 1161 2896 ue
1175 2830 1249 2897 inde

246 2944 414 3009 clamorem
430 2944 560 3008 audiam
573 2944 720 3030 amplius.
766 2945 859 3008 Tasta
873 2943 994 3008 eodem.

493 3152 623 3218 [Another
639 3154 691 3203 like
701 3154 762 3204 writ
772 3155 808 3218 by
819 3154 866 3203 tho
877 3151 1004 3218 Quosn.]¹

290 3281 429 3346 Matilda
451 3283 562 3366 regina
587 3284 706 3347 Aussu.
731 3280 881 3367 dapifero,
905 3280 1049 3345 sulutem.
1095 3279 1248 3365 Praecipio

247 3392 317 3470 tibi,
348 3397 385 3455 ut
413 3390 509 3455 iacias
533 3392 620 3475 juste
650 3390 738 3456 reddi
766 3414 881 3456 navem
909 3392 1033 3456 abbatis
1063 3391 1101 3456 dc
1131 3393 1249 3456 Sancto

247 3503 443 3588 Augustino,
458 3508 491 3568 et
513 3526 622 3568 omnes
647 3525 719 3567 suus
735 3525 783 3567 res
806 3525 876 3588 quae
901 3509 1000 3587 captus
1019 3502 1159 3568 fuerunt.
1204 3504 1250 3568 Et

247 3619 409 3698 ponantur
432 3636 487 3698 per
500 3613 622 3698 plegios
637 3636 746 3678 omnes
768 3613 816 3677 illi
837 3614 992 3693 homines,
1004 3614 1060 3700 qui
1075 3637 1145 3679 cam
1160 3637 1248 3699 cepe·

247 3729 343 3801 runt3
367 3729 405 3787 ut
420 3723 486 3788 sint
496 3723 536 3788 ad
551 3729 672 3789 rectum
688 3722 755 3808 regi
771 3724 896 3809 quaudo
911 3747 963 3789 cos
977 3725 1090 3791 habere
1101 3725 1247 3789 voluerit.

248 3835 293 3897 Et
307 3834 451 3919 praecipio
472 3835 557 3919 quod
571 3857 680 3899 omnes
695 3858 758 3899 suae
781 3858 828 3898 res
850 3834 966 3900 sintin
980 3858 1065 3920 pace,
1081 3837 1164 3901 sicut
1179 3836 1246 3900 fua·

248 3952 326 4009 runt
340 3946 390 4017 die
406 3968 468 4031 qua
483 3969 537 4010 rex
552 3969 637 4011 mare
660 3946 820 4025 transivit,
834 3947 932 4011 donec
955 3946 1021 4031 ipsc
1041 3947 1075 4010 in
1095 3944 1250 4030 Anglium

248 4057 366 4122 redeat.
412 4058 505 4122 Teste
529 4058 674 4143 episcopo
700 4057 896 4138 Surcsberiae,
921 4058 1006 4142 apud
1029 4057 1250 4122 Westmouas·

249 4168 376 4231 terium.

348 4317 355 4349 ¹
373 4317 445 4366 Hist.
458 4317 528 4366 Mon.
544 4317 583 4366 St.
596 4315 918 4380 Aug.851(licc.com.).
1086 4313 1098 4347 ²
1115 4313 1154 4362 lb.

1103 4423 1125 4466 D
