3000 4972
283 523 345 586 216
528 539 662 585 emcrrs
684 538 1033 586 11010-1011111111.

428 718 514 799 [Tem
538 717 630 781 Kmo
651 739 679 782 c.
706 718 771 782 Hrs
794 719 962 782 81111111.
1010 718 1137 800 11711]ῐ

285 853 353 918 [The
362 853 427 916 king
438 854 548 915 deposes
559 853 649 916 neerly
661 854 697 902 111
708 854 737 902 01
744 854 786 902 his
798 853 900 903 eheriffs
910 853 963 902 end
971 853 1066 901 bailliis
1077 854 1118 901 101
1128 852 1292 902 miscenduct

348 932 376 979 in
387 932 467 990 office,
482 930 535 979 end
545 930 608 993 they
620 930 656 978 sll
667 931 727 992 give
740 931 847 992 pledges
864 934 893 978 to
903 945 1006 979 enswer
1023 930 1063 980 ior
1079 929 1150 979 their
1160 928 1290 992 wrongful

348 1011 405 1056 uots
417 1008 469 1055 aud
480 1008 619 1056 exactione.
654 1008 695 1055 He
706 1008 770 1055 then
787 1007 884 1057 directe
901 1023 936 1056 an
953 1008 1106 1069 inquisition
1124 1022 1157 1056 ou
1177 1007 1240 1055 ooth
1255 1008 1293 1070 by

347 1088 384 1134 ull
404 1087 434 1134 01
453 1086 496 1134 his
515 1086 592 1146 euris,
605 1087 708 1146 barone,
720 1086 836 1147 knights,
856 1086 1058 1144 hauh-tenente,
1074 1085 1126 1133 end
1143 1085 1247 1133 villuins
1264 1086 1293 1133 in

347 1163 412 1211 ecch
437 1166 534 1225 couuty
554 1168 582 1210 to
606 1162 735 1212 eecertein
758 1161 804 1210 the
821 1165 913 1211 extent
931 1161 962 1210 01
980 1163 1026 1210 the
1043 1162 1177 1210 exactione
1200 1161 1232 1209 01
1250 1160 1292 1210 his

347 1239 470 1304 officere]

284 1346 433 1409 Preion
449 1344 549 1429 igitur
563 1343 742 1407 sollenitete
759 1342 914 1421 Paschali,
938 1341 1076 1426 perrexit
1103 1341 1176 1406 inde
1208 1343 1291 1426 [rex]

284 1456 477 1535 Lundonias,
493 1462 526 1521 et
541 1455 586 1518 ibi
597 1477 751 1538 magnum
767 1454 935 1518 celebravit
950 1453 1118 1517 concilium
1142 1453 1180 1518 de
1206 1476 1292 1517 coro·

283 1566 412 1631 natione
431 1566 572 1645 Henriei,
587 1565 646 1629 filii
662 1566 710 1628 sui
726 1564 862 1648 majone,
873 1570 905 1629 et
920 1566 958 1629 dc
974 1565 1104 1629 statutis
1118 1565 1208 1648 regni
1225 1564 1291 1630 sui:

283 1684 318 1742 et
343 1678 461 1742 ibidem
489 1677 632 1763 deposuit
658 1677 720 1741 fere
744 1699 853 1740 omues
880 1677 1077 1741 vicecomites
1108 1676 1236 1760 Angliae
1259 1683 1293 1740 et

284 1787 429 1853 baillivos
444 1811 561 1867 eorum,
577 1812 632 1873 pro
649 1810 685 1852 eo
708 1786 790 1871 quod
811 1787 892 1850 male
915 1792 1129 1851 tractaverant
1150 1787 1293 1853 homines

283 1900 374 1983 regni
389 1899 447 1963 sui.
492 1901 537 1963 Et
553 1898 765 1982 unusquisque
775 1897 994 1962 vicecomitum
1010 1904 1042 1962 et
1056 1897 1177 1962 baillivi
1186 1922 1293 1963 eorum

283 2009 403 2094 plegios
419 2010 607 2074 invenerunt
622 2010 660 2074 de
679 2008 798 2093 seipsiS,
815 2008 897 2092 quod
915 2009 953 2072 ad
969 2014 1088 2073 rectum
1114 2014 1236 2075 starent
1262 2017 1295 2075 et

284 2120 520 2185 adreeciendum
536 2119 665 2183 domino
680 2120 749 2203 regi
771 2125 803 2185 et
819 2119 999 2183 hominibus
1023 2119 1124 2203 regui,
1141 2121 1224 2203 quod
1249 2121 1293 2184 eis

283 2231 452 2295 edresciare
476 2229 626 2294 deberent
653 2230 691 2294 de
715 2229 806 2314 prisis
830 2230 894 2293 suis
905 2256 914 2308 ;
947 2237 980 2294 et
1005 2236 1114 2314 postea
1138 2231 1213 2295 iecit
1239 2254 1293 2295 rex

284 2365 392 2408 omnes
401 2341 544 2405 homines
556 2341 647 2424 regni
662 2341 721 2418 sui,
734 2341 851 2405 scilicet
864 2340 1003 2420 comites,
1014 2342 1154 2419 barones,
1166 2341 1293 2422 milites,

284 2454 577 2530 francos-tenentes,
599 2457 631 2516 et
658 2451 754 2516 etiam
778 2451 950 2531 villiccnos,
965 2475 1020 2536 per
1045 2452 1186 2537 singulos
1212 2453 1295 2518 vice·

285 2565 454 2629 comitatus
480 2565 596 2650 jurare,
623 2562 718 2627 tactis
751 2564 953 2627 sacrosanctis
986 2563 1180 2646 Evangeliis,
1211 2564 1294 2647 quod

284 2699 393 2741 verum
408 2675 555 2752 dicerent,
573 2673 690 2739 seilicet
705 2673 788 2757 quod
804 2679 836 2738 et
857 2679 1012 2757 quantum
1038 2674 1237 2739 vicecomites
1260 2682 1295 2740 et

283 2786 404 2852 baillivi
431 2809 536 2852 eorum
563 2785 601 2850 de
625 2785 669 2849 eis
693 2785 842 2869 ceperint,
858 2791 891 2849 et
918 2785 1002 2868 quod
1026 2807 1098 2848 cum
1120 2785 1240 2870 judicio
1261 2793 1294 2851 et

284 2900 367 2983 quod
382 2901 448 2964 sine
460 2897 590 2984 judicio,
606 2903 639 2961 et
653 2919 709 2982 pro
725 2895 812 2980 quali
827 2895 1033 2961 forisfactura.

316 3029 369 3076 The
378 3028 521 3077 chronicler
531 3027 650 3075 however
660 3025 725 3074 adds
734 3044 739 3074 :
751 3027 767 3050 “
778 3024 828 3073 Sed
840 3039 965 3086 maguum
972 3025 1096 3073 (11111111
1105 3026 1226 3087 provenit
1233 3026 1293 3075 inde

286 3106 362 3167 genti
372 3104 484 3166 Anglim,
497 3103 560 3164 quie
571 3105 630 3164 post
648 3103 745 3150 sectam
764 3101 957 3163 inquisitionem
975 3115 1020 3149 rex
1035 3101 1151 3161 reposuit
1168 3101 1294 3164 quosdam

287 3182 470 3230 vicecomitum
489 3180 592 3227 illorum
615 3180 710 3226 iterum
732 3179 758 3225 in
778 3177 842 3226 loeis
858 3177 921 3236 suis,
939 3180 1019 3239 etque
1039 3177 1090 3239 ipsi
1106 3180 1199 3239 postea
1210 3178 1294 3225 multo

284 3261 440 3310 crudeliores
451 3262 594 3309 extiterunt
606 3274 683 3322 quem
695 3264 773 3308 antee
783 3257 915 3306 suerunt.'’

525 3812 679 3901 [Triones
703 3814 726 3876 1
750 3814 893 3878 Β10111.
940 3814 1067 3898 1170.]9

286 3940 411 4007 [Thomas
423 3949 436 3990 t
449 3943 546 3992 Becket
558 3944 655 4006 having
666 3944 771 3992 become
793 3943 938 3991 reeonoiled
956 3943 1022 3991 with
1034 3942 1162 4004 1110111113,
1175 3941 1220 3989 the
1232 3939 1296 4002 king

350 4025 442 4085 grente
464 4023 505 4070 his
522 4023 583 4070 writ
602 4021 730 4084 directing
749 4022 895 4083 protection
907 4022 938 4070 01
951 4022 1005 4069 him
1025 4020 1076 4069 and
1096 4021 1137 4068 his
1157 4034 1226 4077 men,
1245 4017 1297 4066 and

408 4187 416 4218 ¹
433 4193 449 4238 2
462 4193 585 4241 Florenoe
597 4192 627 4241 01
635 4192 789 4250 Worcester,
802 4192 851 4240 138
863 4190 941 4254 (Eng.
953 4190 1025 4239 Hist.
1039 4189 1116 4249 Soc).

406 4267 417 4299 ²
434 4269 448 4315 1
461 4269 612 4332 Twysdeu’s
626 4270 780 4331 Scriptores,
794 4270 858 4318 141³
872 4267 1024 4333 (Gervesius
1035 4267 1065 4316 01
1073 4264 1179 4327 Dever).
