3000 4972
575 1305 836 1410 WILLIAM
872 1308 913 1409 Ι.

262 1558 403 1642 [Enwiiu
425 1579 446 1622 Δ
469 1559 577 1639 Dius,
592 1580 631 1623 nu
646 1580 696 1624 sn.
712 1582 740 1625 c.
756 1561 927 1638 W1su1su,
942 1578 1006 1623 nnn
1023 1559 1248 1638 Cui-suanus,

483 1690 522 1734 ns
542 1690 593 1734 aa.
639 1672 728 1734 Soou
751 1670 1002 1753 sman1066.]¹

246 1881 383 1947 [Noutrals
401 1887 448 1930 not
465 1885 493 1930 to
510 1883 543 1930 ba
559 1880 691 1930 dissoised.
725 1879 824 1941 Edwin,
837 1882 943 1939 aDano,
954 1880 1007 1928 and
1029 1879 1119 1929 others
1130 1879 1246 1941 alleging

310 1961 464 2009 themselves
476 1963 504 2008 to
515 1960 580 2007 have
591 1959 657 2007 beon
675 1959 792 2006 neutrale
804 1960 832 2006 in
849 1959 894 2006 the
906 1961 1009 2006 contest
1021 1959 1137 2006 between
1150 1957 1248 2005 Harold

309 2037 362 2087 and
378 2037 498 2096 william,
515 2036 645 2098 complain
664 2036 726 2083 that
745 2035 809 2098 they
825 2035 891 2082 have
909 2034 975 2084 boen
991 2034 1117 2082 disseised
1134 2034 1164 2082 of
1181 2033 1251 2082 their

309 2114 384 2163 lande
400 2115 493 2177 bytho
511 2114 613 2162 lattaiis
630 2127 698 2162 men.
734 2113 814 2161 Proos
827 2112 857 2161 of
871 2113 1014 2176 ncutmlity
1033 2111 1136 2170 offered,
1154 2126 1183 2160 as
1203 2111 1249 2160 tho

284 2216 288 2229 ·
308 2192 373 2254 king
389 2206 450 2255 may
461 2190 553 2239 direct.
586 2190 630 2260 dn
646 2190 799 2252 inquisition
815 2189 930 2248 ordered,
941 2189 993 2238 and
1004 2190 1051 2238 the
1066 2190 1210 2253 neutrality
1222 2188 1253 2237 of
1273 2200 1280 2209 ·

308 2270 354 2319 the
365 2267 492 2332 pleintiffs
503 2267 594 2316 found.
628 2267 770 2332 Jndgmont
782 2269 810 2316 in
821 2268 890 2316 their
900 2265 1016 2331 saecun]

244 2434 400 2498 Eoumus
418 2404 525 2530 Dasius
540 2431 629 2497 venit
643 2432 681 2497 de
697 2432 797 2498 Dacia
811 2434 845 2497 in
862 2433 1015 2516 Angliam
1030 2456 1103 2498 cum
1120 2433 1247 2498 Canuto

244 2566 318 2628 rege
333 2528 507 2617 Danorutn,
519 2563 582 2608 aa).
599 2544 694 2622 1014,
705 2544 830 2628 quando
846 2544 912 2628 ipse
925 2545 1068 2610 Canutus
1079 2544 1250 2609 debellavit

244 2679 316 2721 cum
333 2653 457 2719 Edredo
474 2676 548 2738 rege
564 2653 700 2737 Angliae.
745 2656 791 2719 Et
810 2655 873 2719 fuit
893 2655 959 2738 ipse
981 2655 1133 2719 Edwinus
1148 2655 1248 2719 domi·

244 2788 305 2830 nus
328 2765 451 2848 integre
476 2764 515 2828 de
536 2764 693 2847 praedictis
708 2764 792 2828 villis
820 2765 873 2846 (sc.
889 2765 1102 2828 Neteshamiae
1117 2766 1190 2847 etc.)
1215 2770 1248 2828 et

243 2876 384 2942 obtinuit
403 2874 510 2939 omnia
533 2872 681 2958 praedicta
705 2873 739 2936 in
761 2896 847 2958 pace,
870 2896 1031 2957 quousque
1054 2873 1247 2937 Willielmus

242 2987 407 3053 bastardus
444 2986 509 3049 dux
545 2985 804 3050 Normannorum
835 2984 925 3049 venit
962 2984 1116 3067 Angliam
1153 3005 1247 3067 super

244 3096 421 3163 Heraldum
444 3118 563 3180 regem,
577 3094 633 3182 qui
656 3099 823 3160 coronatus
844 3094 907 3159 fuit
929 3096 1013 3179 apud
1028 3097 1246 3160 Westmonas·

242 3208 370 3287 terium,
393 3227 457 3273 An.
492 3207 587 3272 1066.
631 3207 677 3270 Et
705 3215 778 3290 post
807 3206 1039 3271 coronationem
1067 3229 1156 3270 suam
1181 3205 1247 3290 ipse

243 3319 330 3385 dedit·
352 3318 491 3382 diversas
505 3322 605 3381 terrae
628 3316 663 3380 in
686 3316 807 3401 Anglia
828 3316 960 3381 diversis
982 3316 1174 3396 hominibus,
1190 3316 1246 3402 qui

246 3452 352 3496 secum
379 3432 532 3493 venerant
553 3426 588 3490 in
612 3426 728 3490 auxilio
751 3427 790 3490 ad
813 3426 967 3511 Angliam
991 3427 1245 3512 conquirendam.

243 3541 334 3605 Inter
359 3562 438 3624 quas
462 3537 550 3602 dedit
572 3537 746 3602 Wilhelmo
769 3537 932 3621 Albenege
955 3537 1111 3621 pincerna
1133 3560 1188 3602 suo
1212 3544 1244 3603 ct

242 3650 417 3715 willielmo
435 3649 473 3714 de
488 3648 662 3713 Warennia
676 3648 838 3712 forestario
858 3670 925 3727 suo,
939 3648 1077 3712 diversas
1092 3655 1190 3713 terras
1211 3655 1244 3714 et

242 3760 471 3826 dominationes
492 3759 527 3823 in
550 3759 705 3823 comitatu
727 3757 896 3823 Norfolciae
911 3763 944 3822 et
965 3758 1041 3822 aiibi
1062 3758 1097 3821 in
1113 3758 1243 3842 Anglia.

242 3873 287 3937 Et
323 3869 462 3956 predicti
494 3869 687 3934 Willielmus
723 3868 871 3953 pincerna
907 3873 940 3933 et
977 3867 1168 3932 Willielmus
1206 3870 1244 3934 de

242 3981 414 4047 Warennia
443 3985 477 4045 et
506 4002 614 4045 omnes
644 3978 698 4044 alii
728 3979 784 4062 qui
809 3984 966 4043 venerunt
995 4001 1067 4042 cum
1097 3978 1245 4062 praedicto

241 4098 456 4177 conquestore,
486 4090 643 4175 ejecerunt
673 4087 810 4153 diversos
846 4086 989 4152 homines
1025 4087 1063 4150 de
1097 4087 1245 4150 omnibus

309 4265 318 4296 ¹
336 4264 455 4324 wilkins,
468 4263 530 4326 Leg.
543 4260 685 4324 Aug-Sax-
697 4257 763 4319 287;
785 4262 799 4308 1
812 4259 930 4322 Phillips,
943 4261 1010 4324 Eng.
1022 4258 1127 4307 Rcchts.
1140 4259 1180 4306 92.

1094 4367 1114 4410 Β
