3000 4972
247 539 313 604 266
502 558 635 603 runem
657 558 1005 606 naono-normam.

250 710 326 774 dum
339 737 348 788 3
371 733 428 794 pro
438 733 500 795 qua
509 711 667 775 calumnia
679 711 833 776 Ricardus
842 711 931 777 dedit
939 713 1100 777 Willelmo
1109 714 1268 797 praedicto

249 820 448 885 medietatem
471 844 583 885 marcae
609 821 743 905 argenti,
758 827 791 886 et
814 821 951 886 mediam
974 822 1134 907 virgatam
1158 831 1266 904 terrae,

188 1010 195 1023 ι
250 930 357 994 codem
373 930 500 995 servitio
515 955 577 1015 quo
592 932 657 1015 ipse
674 932 829 996 Ricardus
851 939 953 996 totam
979 933 1099 1016 hydam
1122 933 1266 1000 deservio

250 1042 333 1124 apud
348 1042 510 1106 dominum
527 1043 722 1126 pradictum,
732 1049 886 1126 quantum
903 1044 942 1107 ad
957 1050 1103 1108 tenuram
1114 1045 1262 1128 praedicti

249 1151 403 1217 Willelmi
421 1153 568 1237 pertinet.
617 1154 709 1217 Hanc
725 1152 966 1217 conventionem
982 1154 1162 1234 tenendam,
1173 1155 1261 1218 Wil-

249 1263 362 1327 lelmus
378 1265 492 1327 Ruffus
506 1264 673 1347 pradictus
697 1264 877 1342 affirmavit,
892 1271 925 1328 et
951 1264 1148 1346 Reginaldus
1174 1264 1261 1329 filius

249 1396 334 1452 suus,
365 1375 459 1439 tactis
490 1374 662 1458 evangeliis
695 1381 899 1452 sacramento,
932 1374 1015 1459 quod
1052 1374 1122 1458 ipsi,
1156 1397 1260 1461 neque

249 1485 383 1550 haeredes
420 1484 545 1548 illorum
579 1486 617 1550 de
651 1484 833 1549 haereditate
864 1508 932 1569 quae
962 1484 1025 1548 fuit
1058 1485 1186 1550 Rodrici
1218 1487 1259 1552 de

250 1594 467 1659 Aldesworthe
493 1595 575 1679 apud
607 1595 777 1659 Ricardum
807 1595 1002 1678 pradictum,
1032 1616 1089 1658 nec
1118 1596 1258 1661 haeredes

249 1726 330 1781 suco,
353 1711 430 1782 arte,
462 1728 519 1769 noc
553 1705 692 1788 ingenio,
715 1705 851 1788 amplius
888 1728 951 1769 non
982 1711 1135 1789 peterent.
1183 1707 1257 1771 Hoc

248 1819 354 1877 autem
374 1821 423 1878 est
446 1815 529 1898 apud
547 1815 786 1880 Gloucestriam.
834 1815 906 1880 Hiis
925 1814 1067 1879 testibus,
1118 1815 1257 1897 [Names

249 1928 307 1985 not
320 1923 439 2007 given]

282 2490 453 2576 [Wrunmn
469 2509 508 2553 or
524 2491 699 2552 Bnaunnnr
721 2512 746 2553 c.
771 2492 885 2553 Anaor
907 2492 1052 2556 Trionis,
1099 2489 1228 2573 1182]ι
1321 2536 1326 2543 .

248 2654 331 2718 Hac
346 2658 393 2718 est
408 2650 511 2716 finalis
535 2650 697 2714 concordia
723 2651 806 2714 facta
828 2651 911 2715 inter
926 2652 1079 2715 'rhomam
1102 2650 1251 2715 abbatom

245 2772 278 2829 et
292 2770 483 2830 conventum
501 2760 609 2826 Sancti
627 2761 712 2826 Petri
730 2761 934 2826 Gloucestriae
949 2769 982 2825 et
997 2760 1193 2825 Willelmum
1210 2761 1251 2825 de

246 2876 401 2960 Berlrelay
425 2876 463 2940 dc
493 2882 620 2959 pastura
650 2896 743 2957 quam
775 2872 857 2936 idem
883 2872 1063 2936 Willelmus
1092 2871 1252 2936 clamabat

245 2988 393 3051 adversus
416 2985 578 3070 predictos
603 2984 749 3049 abbatem
776 2991 808 3047 et
831 2985 999 3047 monachos
1028 2983 1062 3046 in
1092 2983 1183 3047 bosco
1209 2983 1250 3047 de

244 3121 342 3181 parva
358 3096 580 3180 Cuthberleya.

288 3207 446 3272 Convenit
471 3208 553 3270 inter
577 3229 639 3283 coo,
663 3228 767 3268 coram
790 3204 974 3285 justiciariis
1003 3203 1123 3267 domini
1151 3203 1247 3287 regis,

243 3317 391 3381 videlicet
400 3316 519 3380 Thomu
530 3316 594 3378 filio
605 3315 767 3392 Bernardi,
779 3314 882 3377 Alauo
891 3315 928 3379 de
941 3314 1095 3391 Furnelle‚
1107 3314 1247 3378 Roberto

243 3425 282 3489 de
307 3424 519 3508 Wythefelde‚
534 3431 567 3487 et
589 3447 693 3487 coram
717 3425 879 3488 Willclmo
901 3425 965 3487 filio
992 3424 1143 3507 Stephani
1168 3430 1247 3487 tuuc

244 3534 439 3610 vicecomite,
469 3555 552 3596 anno
589 3532 627 3594 ab
659 3532 882 3597 incarnatione
912 3533 1042 3596 Domini
1080 3532 1247 3596 millesimo

242 3642 406 3709 cestesimo
443 3639 635 3724 octogesimo
672 3641 818 3718 secunde,
857 3664 963 3705 mense
1003 3642 1133 3719 Martio,
1163 3643 1247 3725 apud

244 3752 484 3829 Glouccstriam,
510 3757 660 3833 praesente
680 3749 833 3814 comitatu
859 3750 896 3813 de
928 3751 1135 3828 Gloucestria,
1161 3752 1245 3834 quod

241 3864 485 3949 praenominatus
509 3860 700 3938 Willelmus,
725 3883 780 3945 pro
804 3867 938 3944 quotuor
967 3861 1079 3925 marcis
1108 3862 1245 3944 argenti,

242 3974 438 4040 renunciavit
462 3974 523 4038 toti
542 3973 608 4057 juri
632 3994 688 4036 suo
715 3972 796 4054 quod
821 3972 1012 4035 clamaverat
1038 3971 1072 4034 in
1097 3971 1244 4054 praedicto

241 4085 341 4151 bosco.
388 4086 431 4149 Et
446 4091 483 4148 ut
498 4084 611 4149 certior
625 4083 715 4147 fieret
730 4083 794 4145 haec
819 4081 984 4145 conventio
1011 4087 1044 4145 et
1069 4080 1187 4144 firmior
1208 4080 1243 4143 in

452 4262 458 4294 ¹
476 4261 489 4309 1
502 4262 594 4310 Chron.
607 4260 675 4309 Mon.
689 4260 776 4307 Glouc.
789 4259 838 4306 234
850 4258 920 4318 (Rcc.
933 4256 1024 4317 Gom).
