3000 4972
655 548 798 592 wrnnmu
822 549 845 592 1.
1207 530 1249 592 55

248 708 280 767 et
299 701 444 765 homines
459 701 498 764 de
513 706 674 785 wapentac
696 700 807 764 dicunt
821 698 905 784 qnod
925 699 991 785 ipsc
1005 699 1168 784 epiecopus
1179 700 1251 783 jure

249 812 342 876 dehet
357 812 478 877 hahere.
524 813 563 875 In
580 811 685 875 codem
702 811 844 875 hundred
859 811 998 874 clamant
1012 811 1154 875 homines
1169 811 1251 894 ejus-

249 922 322 986 dem
344 922 480 1007 episcopi
507 944 600 1007 super
632 922 805 1006 Hugonem
842 922 991 986 comitem
1022 922 1089 986 III.
1119 923 1251 987 bovatas

249 1038 349 1111 terrae,
359 1041 392 1096 et
403 1040 563 1117 wapentac
579 1032 751 1116 dicitquod
767 1032 1005 1117 ipseepiscopus
1020 1031 1114 1096 debet
1127 1033 1251 1097 habere.

251 1143 291 1206 In
306 1143 415 1207 eodem
437 1141 581 1206 hundred
603 1142 818 1206 molendinum
841 1142 924 1226 quod
945 1141 1007 1206 suit
1022 1142 1204 1227 Agemund,
1220 1148 1253 1207 ct

251 1259 322 1338 post
342 1275 415 1317 eum
437 1253 616 1317 habuerunt
632 1253 810 1316 Lanbertus
833 1257 866 1318 et
882 1251 1051 1317 Gozelinus
1074 1252 1158 1316 filius
1173 1253 1251 1338 ejua,

251 1364 329 1429 dicit
345 1370 506 1447 wapentac
531 1363 613 1447 quod
639 1363 798 1426 Robertus
820 1363 1017 1446 dispensator
1031 1363 1124 1427 debe't
1139 1364 1253 1428 habere

251 1497 324 1540 cum
354 1480 437 1538 terra
470 1496 536 1538 sua.
583 1475 622 1536 In
657 1473 746 1537 Lude
774 1472 918 1537 hundred
947 1471 1065 1536 clamat
1089 1472 1253 1558 episcopus

254 1584 406 1663 Lincoiie,
437 1586 464 1649 I.
492 1584 708 1648 molendinum
737 1607 830 1668 super
860 1584 1000 1647 Alanum
1030 1584 1190 1661 comitem,
1221 1588 1254 1647 et

254 1703 419 1781 wapentac
435 1702 572 1760 testatur
587 1695 725 1777 ejusdem
741 1695 877 1778 episcopi
893 1715 958 1758 esse
974 1693 1095 1760 debere.

460 2255 633 2336 [Loswaan
657 2278 682 2318 o.
709 2256 855 2319 Grunnnr
879 2276 920 2320 nn
943 2255 1062 2340 Gran]

300 2414 339 2476 In
362 2413 509 2478 Richesbi
534 2414 677 2478 hundred
700 2415 817 2480 claurat
840 2416 1018 2482 Losuardus
1033 2441 1127 2503 anper
1153 2418 1255 2484 Gisle·

255 2524 382 2587 bertum
397 2523 435 2586 de
453 2524 547 2587 Gand
562 2524 595 2587 in
612 2524 725 2603 Welle,
735 2525 762 2588 I.
774 2535 953 2590 carucatam
969 2535 1061 2592 terre.
1102 2529 1257 2594 Homines

255 2632 294 2697 de
318 2634 445 2716 treding
467 2635 577 2700 dicunt
599 2635 683 2719 quod
705 2642 845 2720 tempore
868 2638 952 2720 regis
966 2639 1114 2703 Edwardi
1144 2640 1258 2705 habuit

256 2744 369 2807 'Purolf
386 2767 458 2806 cum
484 2767 554 2808 saca
575 2753 608 2808 ct
631 2767 711 2824 soca,
723 2754 755 2809 et
771 2754 842 2830 post
865 2770 937 2812 euru
960 2748 1073 2811 habuit
1088 2750 1209 2828 Tonna,
1224 2758 1258 2815 et

257 2855 319 2917 ista
334 2863 416 2918 terra
432 2855 494 2918 fnit
516 2856 689 2920 deliberata
703 2857 848 2940 episcopo
864 2857 968 2922 Odcni
986 2880 1040 2942 per
1055 2866 1186 2937 cartam,
1203 2861 1257 2926 scd

257 2988 321 3029 non
337 2966 484 3029 viderunt
505 2967 577 3030 inde
600 2968 724 3031 brevem
749 2967 844 3051 regis,
860 2976 892 3032 et
914 2968 980 3053 ipse
1002 2968 1140 3034 habebat
1154 2992 1191 3034 ea
1205 2972 1256 3037 dic

257 3099 320 3161 qua
334 3077 396 3141 fuit
408 3084 530 3161 captae,
545 3085 578 3143 et
593 3087 701 3163 postea
715 3078 901 3143 dissaisitns.

411 3724 563 3805 [Raurica
585 3743 627 3787 nn
650 3724 784 3786 Bnruou
806 3745 834 3786 o.
858 3724 951 3786 Euan
973 3723 1102 3807 Hucin]

305 3893 345 3955 In
361 3891 467 3956 eodem
484 3892 628 3956 hundred
650 3891 766 3956 clamat
789 3893 955 3976 Raynerus
969 3891 1009 3957 de
1021 3893 1152 3958 Brimou
1168 3918 1262 3981 super

263 4003 436 4087 Hugonem
471 4002 619 4067 comitem
648 4001 682 4064 in
714 4000 837 4081 Ulesbi,
868 4002 916 4068 II.
947 4002 1077 4067 bovatas
1108 4010 1209 4084 terrae,
1230 4014 1263 4072 et

260 4114 405 4178 homines
429 4114 467 4177 de
487 4113 618 4197 treding
639 4112 751 4176 dicunt
772 4111 855 4196 quod
871 4134 935 4175 non
949 4113 1043 4177 dehet
1064 4114 1180 4179 habere
1199 4116 1262 4181 nisi

262 4247 366 4289 socam
382 4225 414 4287 in
432 4223 672 4300 Combreuorde,
688 4229 721 4287 ct
736 4245 839 4286 comcs
854 4228 981 4287 terram.
