3000 4972
670 586 777 631 annor
799 585 822 630 1.
1203 564 1244 627 83

243 748 388 826 coeperat,
403 747 436 805 et
450 739 626 833 vicinorum
641 760 714 802 rura
729 760 857 803 suorum
872 737 1016 802 incendio
1031 736 1245 802 combusserat

250 852 345 937 (quod
371 851 405 914 in
429 850 485 914 illa
508 851 636 933 regione
662 848 780 914 crimen
807 857 856 914 est
878 851 1079 929 inusitatum,
1095 872 1152 914 nec
1178 848 1246 915 sine

244 961 337 1046 gram'
362 961 482 1024 ultione
506 960 544 1024 lit
567 958 755 1042 expiatum),
775 958 897 1055 rigidus
920 980 1029 1023 censor
1053 964 1245 1037 accusatum,

246 1096 302 1136 nec
318 1078 500 1156 purgatum,
520 1071 662 1153 ingentis
687 1069 826 1153 pecuniae
853 1070 1026 1135 rcrlditionc
1046 1070 1199 1149 oneravit,
1214 1075 1246 1134 et

246 1183 381 1267 plurimo
396 1205 514 1266 angore
530 1181 718 1245 tribulatum
733 1181 963 1245 morstifioavit.

303 1345 357 1395 rho
368 1348 421 1395 two
432 1343 593 1408 paragrapho
602 1344 683 1392 above
694 1357 791 1405 appear
802 1346 829 1392 to
840 1343 909 1393 refer
920 1346 947 1392 to
958 1343 1003 1392 tho
1014 1357 1085 1392 samo
1096 1342 1180 1393 triola.

376 2037 461 2121 [l'nn
477 2039 569 2105 Krro
590 2061 617 2104 o.
636 2039 768 2103 Ronnnr
791 2039 947 2103 ersnn.
995 2038 1118 2120 1102.]ι

378 2197 446 2261 [The
458 2198 599 2249 defendant
609 2198 738 2248 ontlawcd
750 2198 785 2261 by
796 2197 842 2247 the
853 2196 917 2261 king
932 2196 984 2246 ond
995 2194 1111 2261 barone]

247 2327 345 2390 Auno
370 2326 411 2390 ab
442 2327 656 2391 incarnatione
682 2325 815 2390 Domini
842 2327 971 2406 Mon„
1001 2325 1172 2392 indictione
1195 2329 1249 2409 X.,

249 2436 408 2501 Henrious
439 2461 494 2501 rex
524 2438 721 2502 Rodbertum
752 2437 790 2502 de
821 2436 969 2513 Belismo,
991 2436 1248 2522 potentissimum

245 2548 405 2627 comitem,
432 2549 472 2612 acl
496 2549 616 2613 curiam
642 2572 732 2614 suam
758 2548 882 2628 ascivit,
904 2554 938 2612 et
963 2548 1069 2613 XLV.
1085 2555 1191 2614 reatus
1215 2551 1249 2615 in

246 2659 338 2725 factis
353 2683 408 2725 seu
424 2659 518 2725 dictis
532 2666 645 2725 contra
659 2683 693 2725 se
707 2660 757 2725 vel
773 2660 903 2724 fratrem
923 2681 1029 2738 suum,
1044 2660 1249 2726 Normanniae

246 2770 367 2848 ducem,
394 2770 575 2836 commissos
601 2771 730 2856 objecit,
754 2776 787 2835 et
815 2770 854 2834 ‹le
884 2768 1019 2852 singulis
1049 2792 1120 2834 eum
1144 2771 1249 2854 palam

247 2880 431 2964 respondere
451 2881 611 2966 praecepit.
656 2879 839 2963 Diligenter
862 2879 947 2943 enim
973 2902 1045 2943 eum
1066 2881 1181 2945 fecerat
1195 2905 1250 2966 per

246 3015 345 3055 unum
382 3014 502 3055 annum
538 2989 704 3076 explorari,
739 2995 773 3056 et
808 2989 1032 3073 vituperabiles
1070 2997 1158 3056 actus
1194 3015 1251 3078 per

247 3101 387 3186 privatos
412 3102 623 3187 exploratores
652 3107 743 3166 caute
770 3099 969 3184 investigari,
994 3116 1274 3188 summopereque

245 3211 361 3278 litteris
400 3213 556 3279 annotari.
612 3212 754 3297 Cumque
792 3211 970 3276 Rodbertus
1006 3211 1177 3293 licentiam,
1213 3220 1252 3280 nt

247 3324 344 3388 moris
372 3330 431 3403 est,
462 3324 558 3389 eundi
587 3324 627 3388 ad
657 3322 822 3388 consilium
852 3345 924 3385 cum
955 3321 1020 3386 suis
1050 3324 1250 3407 postulasset,

247 3435 416 3519 eademque
451 3441 589 3519 accepta,
626 3456 780 3518 egressus,
806 3431 935 3517 purgari
972 3455 1005 3497 se
1042 3432 1080 3497 de
1117 3434 1250 3519 objectis

247 3544 433 3610 criminibus
449 3567 512 3609 non
528 3568 618 3630 posse
634 3543 828 3628 agnovisset,
843 3543 932 3627 equis
947 3542 1089 3608 celeriter
1103 3546 1250 3627 ascensis,

248 3656 289 3720 ad
313 3655 444 3720 castella
469 3679 526 3719 sua
548 3655 682 3740 pavidus
705 3660 741 3719 et
766 3654 897 3719 anhelus
923 3653 1080 3736 confugit,
1103 3661 1146 3734 et,
1176 3679 1250 3742 rege

247 3789 317 3832 cum
335 3766 505 3830 baronibus
517 3767 582 3829 suis
598 3787 781 3849 responsum
797 3768 994 3848 expectante,
1005 3763 1111 3847 regius
1127 3766 1252 3831 satelles

248 3877 446 3941 Rodbertum
473 3875 631 3960 extemplo
655 3874 816 3940 recessisse
837 3873 958 3939 retulit.
1003 3875 1091 3938 Tunc
1107 3874 1251 3940 delusum

246 4012 279 4053 se
294 4010 349 4051 rex
364 3986 466 4052 doluit
474 4013 484 4066 3
508 3987 562 4051 sed
578 3992 703 4069 tempus
718 3984 851 4049 ultionis
862 4006 926 4048 non
936 3984 1052 4047 dubius
1063 3985 1252 4068 expectavit.

248 4096 447 4162 Rodbertum
477 4096 584 4180 itaque
613 4094 748 4180 publicis
778 4093 938 4177 questibus
975 4093 1169 4177 impetitum,
1197 4115 1254 4158 nec

455 4248 464 4280 ¹
482 4248 570 4297 cord.
583 4248 663 4299 vital.
676 4247 724 4296 169
738 4245 851 4310 (lbenoh
864 4243 933 4295 Hist.
945 4242 1022 4307 Sco).

768 4355 788 4396 c
804 4338 822 4394 2
