3000 4972
241 486 304 550 230
487 502 621 547 Pmoun
645 501 998 575 cnloco-uouimumcs.

243 656 389 721 omnibus
404 654 541 720 castellis
555 655 629 719 suis.
672 654 884 739 Reddiditque
899 653 928 719 ei
943 675 998 717 rex
1013 651 1128 718 ibidem
1144 657 1246 717 totam

244 767 458 845 leicestriam,
473 774 506 832 et
520 767 680 848 forestam,
694 789 763 852 quae
776 767 889 850 juratae
904 771 994 830 erant
1008 786 1063 848 per
1081 786 1247 828 commune

244 885 474 943 sacramentum
500 879 668 943 comitatus
694 900 761 941 esse
784 876 894 941 debere
924 876 963 940 de
992 875 1149 939 dominico
1179 897 1245 938 suo.

245 989 371 1054 Sciebat
384 994 490 1053 nutem
506 1011 559 1054 rex
574 989 632 1054 hoc
647 988 766 1052 factum
782 987 879 1051 fuisse
893 992 1020 1070 propter
1034 985 1196 1062 invidiam,
1213 990 1246 1048 ct

241 1122 297 1185 pro
312 1123 348 1165 eo
363 1099 445 1184 quod
461 1122 514 1164 rex
529 1099 676 1165 comitem
690 1099 760 1162 odio
775 1097 920 1161 habebat.

253 1808 339 1892 [Tus
376 1810 505 1874 Wmow
538 1829 605 1873 mn
643 1811 768 1887 Rosnu,
802 1811 930 1875 Enunsu
961 1812 1038 1889 Son,
1069 1830 1109 1875 on
1141 1811 1245 1875 Huon

599 1922 713 1986 Bioon.
761 1923 889 2005 1177.]¹

245 2065 336 2132 [Upon
343 2069 388 2117 the
399 2068 520 2140 dcothos
527 2069 607 2132 Hugh
619 2069 704 2132 Bigot,
716 2069 757 2119 his
769 2068 861 2118 widow
872 2070 908 2133 by
919 2084 935 2118 c
946 2069 1040 2118 sooond
1052 2070 1181 2132 meninge
1192 2074 1247 2120 scta

308 2161 344 2207 up
355 2160 372 2194 u
382 2146 459 2194 claim
470 2161 503 2194 on
514 2146 604 2195 behols
613 2146 640 2195 of
650 2148 698 2196 her
710 2162 764 2205 son,
776 2146 882 2209 against
899 2147 944 2195 the
960 2147 1044 2195 oldest
1061 2162 1108 2196 son
1127 2146 1203 2210 (born
1220 2146 1250 2195 os

309 2223 354 2271 the
365 2223 423 2271 first
430 2223 577 2286 mun-inge),
585 2228 612 2271 to
620 2223 665 2291 the
673 2225 810 2284 emptiones
822 2227 845 2272 et
853 2226 1050 2284 perpetuitiouoe
1061 2225 1091 2272 os
1096 2224 1140 2272 the
1151 2228 1246 2283 estote,

307 2301 438 2363 asserting
448 2301 508 2349 thnt
519 2300 564 2349 the
575 2301 700 2350 deceased
710 2301 762 2349 hed
772 2301 849 2363 givcn
861 2302 934 2349 them
946 2304 974 2349 to
990 2301 1103 2350 horson.
1137 2302 1207 2349 Ench
1220 2301 1250 2349 os

308 2378 355 2426 the
365 2378 464 2439 parties
475 2393 538 2441 goos
548 2383 577 2427 to
588 2378 633 2427 tho
649 2379 713 2440 king
731 2379 796 2427 with
815 2393 909 2442 money
920 2381 948 2427 to
968 2379 1058 2428 obtain
1072 2379 1180 2439 favonr5
1198 2380 1247 2428 but

308 2458 355 2506 the
365 2458 431 2520 king
441 2472 474 2506 on
485 2458 594 2519 hearing
609 2458 672 2506 both
689 2457 759 2507 sides
770 2460 824 2507 sets
834 2471 851 2505 a
861 2457 913 2521 day
924 2458 964 2506 for
976 2458 1067 2520 trying
1077 2458 1122 2506 the
1133 2472 1192 2506 osso
1202 2459 1246 2506 be·

309 2535 364 2585 fore
374 2535 416 2584 his
426 2535 494 2584 coris
505 2536 557 2583 end
568 2535 671 2595 berone,
683 2535 734 2584 ond
745 2535 773 2584 in
781 2535 827 2584 tho
837 2549 913 2584 meon
926 2535 990 2584 time
1008 2535 1085 2585 takes
1103 2535 1148 2584 the
1159 2539 1246 2584 estote

308 2614 365 2664 into
375 2613 416 2662 his
427 2628 485 2663 own
495 2611 587 2679 hand]

243 2731 362 2795 Eonnu
388 2750 481 2808 anno,
500 2732 575 2792 onte
605 2727 712 2811 Caput
741 2726 875 2811 Jojnnii,
904 2724 984 2790 obiit
1013 2744 1116 2792 comes
1147 2728 1246 2810 Hugo

244 2842 355 2926 Bigot.
400 2840 445 2904 Et
469 2839 613 2923 Rogerus
637 2838 748 2922 Bigot,
771 2837 870 2922 ipsius
896 2837 1002 2915 heres,
1019 2841 1052 2902 et
1077 2860 1156 2902 uxor
1179 2840 1246 2923 ejus

243 2950 462 3016 veneruntad
490 2948 610 3014 curiam
640 2949 722 3034 apud
749 2947 984 3012 Winleshovers
1012 2949 1247 3027 contendentes,

245 3061 316 3145 quis
346 3083 453 3126 eorum
487 3058 555 3146 regi
588 3060 659 3144 plus
690 3060 798 3124 offeret
828 3082 886 3144 pro
916 3059 1097 3125 hereditate
1120 3061 1247 3125 comitis

244 3171 397 3236 habendo.
444 3172 517 3256 Ipse
531 3194 616 3251 vero,
629 3170 704 3256 quia
718 3170 948 3254 primogenitus
963 3176 996 3236 et
1010 3170 1107 3234 haeres
1122 3171 1247 3235 comitis

244 3285 321 3358 erat,
336 3280 454 3344 obtulit
469 3282 536 3364 regi
553 3287 585 3347 et
599 3281 703 3346 multa
716 3287 749 3345 et
764 3302 892 3365 magna,
906 3303 963 3364 pno
984 3280 1165 3346 haereditute
1190 3277 1256 3344 sua'

247 3388 391 3453 habenda
417 3390 450 3452 in
475 3389 648 3474 integrum,
664 3392 746 3457 sieut
770 3397 859 3476 poter
884 3413 959 3454 suus
981 3412 1049 3455 eam
1064 3390 1181 3470 tenuit,
1197 3391 1247 3455 die

247 3522 308 3583 quc
319 3499 381 3563 fuit
392 3499 484 3563 vivus
495 3505 528 3564 et
543 3508 696 3566 mortuus.
735 3502 992 3581 Comitissovero‚
1005 3523 1138 3565 noverca
1148 3500 1247 3585 ipsius

248 3607 366 3692 Rogeu'
391 3607 500 3691 Bigot,
526 3608 643 3674 obtulit
668 3612 735 3694 regi
765 3613 869 3677 multe
897 3618 930 3677 et
959 3633 1086 3695 magna,
1114 3616 1153 3676 ut
1180 3611 1248 3696 ipse

247 3719 428 3785 concederet
453 3717 518 3783 filio
542 3741 598 3783 suo
621 3721 796 3804 emptiones
821 3729 854 3786 et
882 3722 1122 3807 perquisitiones
1151 3722 1249 3807 ipsius

245 3828 380 3894 comitis.
426 3827 560 3893 Dicebat
574 3829 671 3908 enim,
686 3831 769 3914 quod
784 3853 887 3897 comes
905 3833 1004 3917 Hugo
1020 3833 1119 3916 Bigot
1140 3832 1251 3897 divisit

247 3939 312 4005 filio
327 3961 383 4003 suo
398 3961 489 4023 quem
504 3940 543 4004 de
558 3962 594 4004 ea
608 3940 732 4023 genuit,
746 3964 854 4006 omnes
869 3942 1044 4026 emptiones
1069 3948 1103 4009 et
1127 3943 1252 4028 perqui-

248 4051 378 4115 sitiones
396 4073 476 4114 suas.
522 4051 651 4114 Etcum
669 4051 815 4115 dominus
830 4076 884 4117 rex
899 4054 1062 4138 utriusque
1083 4055 1253 4140 petitiones

404 4209 412 4243 ¹
432 4210 444 4258 1
459 4209 621 4271 Benedictus,
634 4211 715 4262 Gesta
726 4213 792 4263 Hen.
805 4213 1097 4277 11.,14³(Reo.com.).
