3000 4972
288 552 307 613 8
535 571 669 617 anaema
692 571 1042 617 naono-sommum.

290 721 375 806 ipsas
389 721 535 808 antiquas
550 722 659 807 legum
674 723 914 789 eonsuetudines
937 723 1150 790 discutiendas
1164 730 1197 789 ct
1218 724 1290 790 edo·

211 878 214 883 -
290 832 403 896 cendas
413 833 446 896 in
461 855 523 896 una
538 834 703 918 quadriga)
717 834 890 898 lliehardus
906 834 944 899 de
959 835 1177 919 Tunebroggc,
1192 837 1292 921 Hngo

290 942 329 1007 de
356 944 469 1008 Monte
510 944 609 1023 Fosi,
635 944 830 1009 Willielmus
856 945 894 1010 de
918 948 1026 1024 Amce,
1052 946 1181 1030 Haymo
1208 948 1291 1012 vicc-

290 1074 405 1134 comes,
421 1061 453 1119 ct
468 1055 522 1119 alii
538 1055 633 1119 multi
648 1055 778 1120 barones
792 1056 876 1139 regis
892 1061 925 1120 et
946 1055 1046 1140 ipsius
1067 1056 1291 1142 archiepiscopi

290 1172 385 1250 atque
422 1165 548 1231 illorum
585 1166 800 1251 opiscoporum
837 1167 980 1233 homines
1024 1167 1129 1247 multi,
1166 1174 1199 1232 et
1235 1169 1289 1233 alii

289 1275 427 1340 aliorum
464 1276 675 1340 comitatuum
705 1275 847 1340 homines
884 1276 982 1340 etiam
1011 1298 1084 1341 cum
1123 1284 1191 1343 toto
1229 1278 1291 1344 isto

288 1387 444 1451 comitatu
460 1387 567 1451 multa
581 1393 615 1451 et
629 1409 753 1474 magnas
777 1387 976 1451 auctoritatis
999 1387 1072 1468 viri,
1089 1389 1291 1473 Franeigenm

290 1498 409 1563 scilicet
422 1503 456 1563 et
470 1497 582 1581 Angli.
628 1498 669 1561 In
684 1497 797 1561 horum
821 1497 963 1562 omnium
989 1498 1155 1582 prasentia
1180 1499 1291 1564 multis

288 1616 322 1674 ct
335 1608 541 1694 apertissimis
566 1607 741 1672 rationibus
767 1609 1017 1675 demonstratum
1041 1609 1104 1675 fuit
1127 1610 1210 1695 quod
1236 1635 1290 1675 rex

287 1721 468 1805 Anglornm
484 1721 587 1784 nullas
602 1719 843 1785 consuetudines
859 1721 960 1784 habet·
970 1719 1004 1784 in
1027 1720 1175 1786 omnibus
1199 1723 1290 1787 terris

288 1832 524 1897 Cantuaricnsis
545 1831 681 1896 ecclesiae
706 1831 767 1894 nisi
799 1830 994 1895 solummodo
1027 1838 1100 1898 tres.
1153 1832 1200 1896 Et
1228 1833 1290 1898 illa

287 1949 360 2021 troo,
378 1966 456 2027 quas
481 1941 585 2020 habet,
607 1941 850 2006 consuetudines
872 1942 920 2005 hae
943 1949 1019 2006 sunt
1030 1970 1039 2021 3
1062 1966 1137 2022 nna,
1164 1944 1191 2006 si
1217 1945 1289 2029 quis

287 2055 381 2118 homo
410 2052 633 2137 archiepiscopi
663 2051 772 2116 effodit
806 2052 893 2115 illam
932 2053 1070 2137 regalem
1102 2055 1188 2118 viam
1221 2079 1289 2140 qnae

286 2164 376 2228 vadit
390 2164 429 2228 de
450 2163 580 2227 civitate
605 2162 639 2226 in
654 2162 827 2227 civitatem.
873 2163 994 2243 Altera,
1010 2165 1037 2228 si
1053 2166 1122 2250 quis
1146 2166 1289 2230 arborem

286 2274 401 2339 incidit
417 2275 513 2358 juxta
534 2272 671 2356 regalem
697 2272 783 2336 viam
807 2278 839 2336 ct
864 2296 934 2337 eam
961 2298 1053 2358 super
1078 2276 1180 2360 ipsam
1204 2277 1288 2340 viam

285 2385 441 2469 dejecerit.
487 2385 537 2448 De
559 2382 631 2447 istis
654 2381 775 2446 duabus
798 2384 1078 2449 consuetudinibus
1103 2387 1157 2471 qui
1181 2388 1288 2472 cnlpa-

285 2496 365 2562 hiles
385 2494 508 2560 inventi
531 2494 650 2559 fuerint
676 2498 770 2578 atque
796 2492 928 2572 detenti,
953 2494 1029 2558 dum
1053 2496 1131 2560 talia
1154 2496 1288 2578 faciunt,

286 2607 352 2674 sive
367 2605 585 2672 vadimonium
599 2604 639 2669 ab
651 2603 696 2668 eis
711 2608 873 2688 acceptum
889 2603 984 2668 fuerit
1003 2605 1070 2671 sive
1092 2629 1167 2688 non,
1181 2613 1287 2672 tamen

285 2720 320 2784 in
335 2719 496 2783 secutione
512 2714 652 2780 ministri
666 2714 751 2798 regis
765 2719 798 2778 ct
820 2737 877 2799 per
902 2714 1119 2781 vadimonium
1142 2719 1287 2783 emenda-

285 2830 367 2896 bunt
381 2853 450 2915 quae
465 2829 582 2913 injuste
603 2826 801 2891 emendanda
826 2830 912 2890 sunt.
956 2825 1072 2906 Tertia,
1095 2830 1287 2894 consuetudo

284 2942 359 3006 talis
374 2946 431 3006 est.
478 2939 598 3023 Siquis
613 2938 647 3001 in
662 2937 731 3022 ipsa
746 2936 844 3021 regali
867 2936 920 3001 via
945 2937 1133 3021 sanguinem
1159 2939 1287 3020 fuderit,

285 3060 341 3117 aut
355 3050 561 3116 homicidium
576 3048 626 3113 vel
641 3048 728 3112 aliud
743 3047 862 3133 aliquid
877 3048 986 3112 fecerit
1003 3047 1087 3132 quod
1107 3048 1288 3114 nullatenus

284 3163 352 3226 fieri
367 3161 451 3241 licet,
465 3161 491 3223 si
506 3161 582 3223 dum
604 3160 663 3223 hoc
685 3159 763 3223 facit
788 3159 997 3243 deprehensus
1021 3166 1115 3243 atque
1140 3160 1287 3225 detentus

285 3272 392 3350 fuerit,
416 3272 485 3355 regi
506 3268 697 3335 emendabit.
744 3269 778 3332 Si
808 3291 881 3333 vero
909 3269 1119 3352 deprehensns
1147 3269 1193 3333 ibi
1223 3294 1286 3336 non

284 3383 391 3462 fuerit,
405 3387 437 3447 et
452 3382 525 3446 inde
540 3380 657 3464 absque
672 3378 751 3442 vade
766 3379 840 3443 dato
855 3378 952 3443 semel
966 3378 1090 3460 abierit,
1106 3403 1162 3444 rex
1185 3381 1225 3445 ab
1250 3405 1286 3447 co

284 3493 365 3559 nihil
376 3494 463 3577 juste
485 3480 610 3574 exigere
636 3488 763 3574 poterit.
810 3488 964 3553 Similiter
980 3489 1043 3553 suit
1067 3495 1228 3555 ostensum
1252 3491 1286 3556 in

266 3649 268 3653 -
285 3605 393 3682 eodem
408 3601 523 3687 placito
539 3600 621 3685 quod
637 3598 887 3684 archiepiscopus
902 3600 1142 3665 cantuariensis
1151 3603 1286 3668 ecclcsiae

283 3716 317 3780 in
334 3714 482 3779 omnibus
496 3711 588 3776 terris
603 3711 689 3794 regis
704 3717 736 3775 et
750 3710 875 3775 comitis
891 3711 984 3775 debet
1010 3712 1129 3776 multas
1155 3735 1284 3779 consue-

282 3826 410 3892 tudines
420 3826 508 3908 juste
522 3822 647 3887 habere.
693 3821 821 3885 Etenim
837 3820 877 3885 ab
893 3821 947 3886 illo
967 3822 1028 3902 die,
1045 3845 1106 3907 quo
1128 3823 1286 3890 clauditur

281 3937 432 4021 Alleluya
453 3955 551 4019 usque
572 3932 611 3996 ad
635 3937 763 3995 octavas
785 3929 924 4008 Pascha,
949 3931 977 3996 si
999 3932 1072 4016 quis
1094 3934 1285 4018 sangninem

280 4048 407 4127 fuderit,
423 4044 651 4128 archiepiscopo
667 4041 858 4107 emendabit.
903 4043 948 4106 Et
972 4043 1117 4108 inomni
1144 4052 1284 4132 tompore

280 4170 348 4225 tam
363 4164 453 4225 extra
466 4153 739 4242 quadragesimam
763 4175 856 4237 quam
882 4152 975 4231 iufra,
991 4154 1170 4240 quicunque
1195 4157 1284 4222 illam

278 4272 402 4356 culpam
443 4267 552 4335 feeerit
581 4289 650 4351 qum
677 4264 837 4328 childwite
865 4270 1005 4344 vocatur,
1032 4266 1283 4354 archiepiscopus
