3000 4972
592 544 699 590 uanus
724 547 761 590 11.
1113 525 1175 589 225

102 721 106 727 ·
174 692 285 759 tuariae
308 700 341 759 ct
363 694 508 761 homines
532 696 570 760 de
600 697 742 762 Thaneto
762 697 817 782 qui
840 698 1000 783 pertinent
1023 699 1064 764 ad
1089 706 1177 767 tene·

174 813 318 870 mentum
348 807 432 872 beati
470 807 646 892 Augustini
678 809 737 873 tali
773 810 865 875 modo
897 810 1054 895 pacificati
1090 820 1176 881 sunt.

174 917 395 991 Controversia
422 918 536 1004 quippe
559 919 642 984 inter
666 921 835 989 monachos
862 920 971 987 Sancti
1001 922 1177 1007 Augustini

174 1035 207 1093 et
221 1028 363 1093 homines
378 1029 416 1094 de
432 1030 574 1096 'Phaneto
589 1031 709 1096 diutius
724 1032 848 1116 agitata
873 1039 935 1115 est,
957 1032 1035 1118 ipsis
1056 1035 1178 1101 Thana.

174 1139 316 1204 tensibus
345 1141 555 1206 asserentibus
585 1164 618 1207 sc
652 1142 691 1208 ad
728 1143 899 1228 capitalem
939 1144 1057 1210 curiam
1094 1146 1179 1212 beati

175 1250 351 1334 Augustini
366 1252 544 1316 Cantuariae
566 1253 737 1338 placitandi
752 1277 845 1319 cause
859 1254 909 1319 vel
927 1255 1083 1341 judicium
1105 1277 1174 1321 sus·

174 1362 299 1426 tinendi
314 1363 401 1428 nullo
417 1363 509 1429 modo
524 1363 634 1430 debere
656 1365 808 1444 accedere,
824 1372 872 1431 set
890 1364 924 1429 in
945 1365 1098 1430 halimoto
1120 1389 1176 1432 suo

175 1471 209 1535 in
226 1473 368 1538 'Phaneto
383 1472 491 1538 omnia
500 1473 620 1558 judicia
635 1497 691 1539 sua
706 1475 850 1556 exerceri,
866 1475 949 1543 uude
964 1476 1046 1541 idem
1057 1476 1177 1542 electus

175 1591 366 1668 potestatem
387 1585 508 1669 regiam
529 1585 743 1670 interpellans,
759 1587 907 1671 optinuit,
922 1587 1005 1672 quod
1027 1610 1066 1652 cx
1088 1587 1176 1672 regio

175 1696 325 1760 mandato
340 1694 447 1760 eadem
460 1697 672 1762 controversia
686 1697 721 1761 in
735 1699 889 1763 comitatu
900 1699 1024 1764 (lancia
1034 1697 1177 1763 debitum

176 1806 271 1871 finem
295 1806 465 1872 sortiretur.
525 1807 587 1873 Die
613 1808 719 1893 itaque
745 1807 917 1873 constituto
942 1808 1120 1873 cantuaria
1143 1807 1178 1872 in

175 1917 282 1981 eodem
297 1917 451 1982 comitatu
466 1918 644 1984 astantibus
659 1920 800 2006 utrisque
810 1919 953 2005 partibus
964 1919 998 1982 in
1010 1925 1177 2004 conspectu

177 2029 333 2093 Johanuis
354 2031 393 2095 de
421 2031 548 2117 Kardyf
567 2031 741 2116 supplentis
766 2032 848 2096 vices
870 2031 1002 2096 Roberti
1020 2031 1077 2095 filii
1100 2033 1176 2098 Ber·

175 2140 266 2205 nardi
302 2141 504 2223 vicecomitis,
538 2142 633 2208 iidem
671 2144 883 2208 'Phanetonses
920 2142 1020 2208 coacti
1057 2143 1177 2208 ratione

176 2252 334 2337 aequitutis
359 2261 619 2338 recognoverunt,
649 2277 681 2320 se
711 2255 821 2320 debere
850 2255 892 2319 ad
921 2253 1040 2318 curiam
1069 2255 1179 2320 Sancti

178 2365 355 2448 Augustini
372 2365 551 2429 Cantuariae
566 2364 673 2430 venire
688 2365 835 2450 quociens
849 2364 1034 2429 summoniti
1049 2364 1179 2444 fuerint,

176 2481 209 2538 ct
237 2475 353 2540 ibidem
383 2475 410 2538 si
439 2476 477 2540 de
507 2475 612 2561 aliqua
642 2499 674 2540 re
703 2498 779 2560 erga
808 2499 859 2540 eos
889 2475 1045 2560 querelam
1082 2475 1180 2540 abbas

176 2585 332 2666 habuerit,
359 2585 510 2670 placitum
541 2586 621 2651 inire
651 2593 684 2650 et
709 2586 829 2669 judicio
857 2587 950 2649 curiae
979 2597 1072 2663 stare,
1099 2585 1181 2649 sicut

178 2697 319 2761 homines
343 2697 471 2761 alterius
501 2696 592 2761 villas.
637 2698 683 2760 Et
713 2703 962 2780 recognoverunt
989 2696 1073 2781 quod
1102 2694 1180 2758 illud

177 2806 259 2871 idem
276 2807 502 2872 dirationatum
523 2807 620 2872 fuerit
634 2813 743 2871 contra
758 2830 790 2870 se
810 2814 950 2888 tempore
971 2804 1181 2870 clarembaldi

177 2918 334 3002 quondam
350 2918 440 2984 electi
458 2919 568 2983 Sancti
582 2917 767 3003 Augustini,
791 2917 829 2981 de
851 2916 1017 2982 rebellione
1037 2938 1110 2981 vero
1125 2937 1182 2980 sua

176 3029 333 3113 guagium
348 3029 501 3094 dederunt
515 3029 612 3094 electo
628 3029 661 3092 in
677 3027 833 3092 manciam
850 3028 958 3112 ipsius,
978 3034 1010 3092 et
1032 3028 1065 3092 iu
1082 3050 1180 3092 manu

179 3139 338 3226 Rudulphi
362 3142 490 3207 senioris
517 3142 627 3207 Sancti
647 3139 823 3225 Augustini
846 3140 973 3205 vidente
995 3146 1063 3204 toto
1081 3138 1178 3203 comi-

178 3259 249 3317 tatu
266 3259 299 3318 et
313 3254 514 3319 testificante.

211 3400 253 3467 [It
270 3417 324 3452 was
341 3417 479 3466 necessary
490 3406 519 3452 to
529 3404 591 3452 seek
608 3403 654 3451 ths
671 3399 757 3462 kiug's
773 3400 817 3449 aid
827 3401 905 3463 again
921 3400 949 3449 in
961 3399 1026 3449 1180
1032 3419 1040 3459 ς
1058 3399 1085 3448 iu
1096 3398 1181 3448 which

177 3494 240 3543 year
248 3481 294 3529 the
305 3481 438 3545 following
448 3481 508 3529 writ
518 3496 571 3530 was
582 3480 692 3544 granted
701 3475 769 3542 :-]¹

223 3619 389 3699 Henricus,
406 3620 466 3684 Dei
481 3621 598 3705 gratia,
614 3642 668 3684 rex
684 3618 812 3704 Angliae
834 3623 867 3683 et
888 3616 954 3680 dux
976 3614 1182 3680 Normanniae

179 3735 212 3794 et
237 3730 418 3813 Aquitania
444 3737 477 3795 ct
495 3753 598 3796 comcs
623 3729 828 3814 Andegaviae,
852 3727 1033 3791 hominibus
1058 3725 1183 3790 abbatis

180 3839 289 3903 Sancti
320 3839 493 3924 Augustini
517 3841 556 3904 de
581 3841 682 3904 Tenet
707 3839 852 3903 salutem.
907 3835 1055 3920 Praecipio
1082 3834 1182 3911 vobis,

178 3950 262 4035 quod
294 3951 380 4035 juste
416 3957 449 4014 et
485 3949 552 4015 sine
588 3949 737 4014 dilatione
766 3948 890 4013 faciatis
919 3947 1050 4031 praefato
1073 3944 1182 4008 abbati

178 4061 306 4126 domiuo
322 4066 426 4126 vestro
448 4060 553 4124 omnia
575 4060 714 4140 servitia,
729 4066 762 4124 ct
784 4056 1035 4132 consuetudines,
1057 4060 1090 4118 ct
1106 4054 1180 4137 jura

385 4248 394 4278 ¹
413 4252 427 4298 1
441 4250 510 4298 Hist.
521 4250 591 4298 lllon.
606 4250 645 4298 St.
659 4250 724 4309 Aug.
738 4249 787 4297 449
801 4246 872 4311 (lico.
886 4246 974 4307 Com).

1044 4354 1063 4412 Q
