3000 4972
653 551 795 595 wrnmnn
818 551 841 594 1.
1204 530 1245 594 27

242 700 280 766 de
297 702 480 783 Suthlulch,
495 708 529 768 et
550 703 590 768 ah
604 704 751 768 omnibus
774 704 851 769 viris
875 703 929 788 qui
954 707 1052 768 terras
1076 708 1188 766 tenent
1213 703 1246 766 in

243 812 307 877 illis
331 813 483 895 hundrez,
506 815 610 879 videte
635 838 675 880 ne
699 815 795 879 abbas
819 813 986 899 pradictus
1009 814 1177 898 quicquam
1198 814 1247 878 in·

238 925 325 1007 juste
343 926 453 1010 perdat
468 932 501 991 et
523 925 618 991 facite
642 932 679 990 ut
694 925 801 990 omnia
823 949 880 990 sua
895 948 968 990 curn
991 948 1109 1010 magno
1131 926 1249 990 honore

243 1040 359 1101 teneat.

247 1247 313 1312 [Tho
330 1251 416 1314 king’s
433 1253 494 1300 wrr't
513 1251 662 1314 forbidding
682 1253 727 1300 the
747 1252 840 1314 bishop
859 1253 889 1302 or*
904 1252 1010 1303 Linuoln
1027 1252 1096 1301 from
1115 1250 1250 1314 requiring

439 1343 497 1377 new
514 1332 630 1377 customs
647 1329 676 1377 of
690 1329 736 1377 the
753 1329 851 1377 ohuroh
864 1335 892 1377 st
905 1329 963 1392 Ely,
976 1327 1051 1393 δια]ι

287 1478 467 1543 Willelmus
490 1502 544 1544 rex
560 1479 751 1564 Anglorum‚
768 1479 945 1545 Imufranco
966 1479 1197 1563 archiepiscopo
1217 1484 1250 1543 et

246 1589 405 1654 Goisfrido
428 1591 583 1674 episcope,
605 1597 639 1655 et
661 1591 822 1655 Radberto
852 1591 961 1655 comiti
994 1590 1033 1655 de
1065 1589 1250 1669 Moritonio,

245 1701 392 1765 salutem.
438 1701 609 1766 Defendite
625 1723 664 1764 ne
687 1701 854 1786 Remigius
876 1701 1040 1786 episcopus
1061 1724 1158 1765 novas
1176 1723 1250 1764 con·

245 1811 428 1876 suetudines
450 1812 589 1896 requirat
611 1812 696 1875 infra
715 1813 852 1876 insulam
876 1814 914 1877 dc
931 1814 1017 1877 Heli.
1064 1813 1149 1877 Nolo
1164 1812 1249 1877 enim

246 1928 283 1984 ut
305 1920 350 1985 ibi
372 1921 496 1999 habeat,
520 1922 581 1985 nisi
602 1922 680 1986 illud
703 1923 787 2007 quod
810 1930 985 1988 antecessor
1015 1924 1082 2008 ejus
1115 1923 1252 1987 habebat
1295 1888 1369 1959 t»...
1396 1932 1415 1958 '⁴

246 2040 387 2116 tempore
411 2033 494 2116 regis
517 2032 695 2111 Eadwardi‚
719 2033 839 2098 scilicet
861 2057 923 2119 qua
944 2034 995 2099 <lie
1016 2035 1083 2120 ipse
1098 2057 1153 2098 rex
1168 2057 1250 2098 mor·
1295 2027 1377 2101 cu„
1391 2044 1443 2110 Soc

246 2150 322 2207 tuus
344 2148 403 2222 est,
426 2149 458 2207 et
480 2143 507 2206 si
531 2142 699 2226 Remigius
721 2144 886 2228 episcopus
908 2144 981 2209 inde
1012 2145 1162 2229 placitare
1195 2168 1251 2210 vo·
1300 2198 1321 2231 v.
1337 2187 1378 2241 m
1409 2189 1479 2264 Μ

246 2253 352 2333 luerit,
362 2254 493 2337 placitet
504 2252 576 2317 inde
588 2254 672 2317 sicut
687 2253 812 2318 fecisset
823 2261 963 2340 tempore
976 2256 1060 2340 regis
1073 2256 1251 2336 Eadwardi,
1389 2231 1397 2260 ⁶

246 2373 280 2431 et
301 2366 454 2448 placitum
478 2364 564 2428 istud
587 2365 630 2427 sit
654 2365 685 2428 in
711 2371 814 2429 vestra
829 2367 1004 2450 prasentia.
1050 2368 1099 2431 De
1111 2367 1253 2432 custodia

247 2475 285 2539 dc
308 2475 436 2538 Norwic
458 2474 606 2539 abbatem
630 2476 819 2559 Symeoncm
840 2477 983 2560 quietum
1000 2499 1065 2541 esse
1087 2477 1254 2556 dimittite,

247 2587 301 2651 sed
332 2587 376 2650 ibi
409 2585 617 2649 munitionem
641 2609 730 2649 suam
753 2586 884 2651 conduci
917 2588 1014 2652 faciat
1036 2594 1068 2652 et
1090 2589 1253 2653 custodiri.

250 2697 358 2762 Facite
375 2719 534 2760 remancre
549 2696 702 2780 placitum
719 2697 757 2762 de
780 2698 872 2762 terris
897 2721 975 2783 quas
999 2699 1255 2783 calumpnientur

248 2807 431 2871 Willclmus
445 2807 484 2871 de
500 2808 551 2871 Ou
566 2814 599 2871 et
617 2808 772 2871 Radulfus
787 2807 871 2871 filius
894 2808 1088 2872 Gualeranni
1112 2816 1144 2872 et
1169 2809 1254 2873 Rod-

247 2918 359 2981 bertus
389 2917 517 2981 Gernon
548 2918 575 2981 si
605 2917 678 2982 inde
703 2918 853 3002 placitare
877 2919 1046 2998 noluerint,
1070 2920 1153 2984 sicut
1181 2921 1255 2984 inde

252 3027 456 3113 placitassent
470 3035 611 3112 tempore
627 3030 712 3114 regis
729 3030 907 3109 Eadwardi,
923 3036 956 3095 et
978 3030 1060 3095 sicut
1085 3031 1120 3094 in
1146 3032 1254 3096 eodem

249 3147 392 3222 tempore
408 3138 536 3203 abbatia
551 3140 794 3204 consuetudines
810 3164 881 3205 suas
896 3141 1043 3221 habebat,
1059 3142 1129 3206 volo
1146 3149 1183 3207 ut
1204 3165 1257 3207 cas

250 3249 378 3313 omnino
395 3249 517 3313 faciatis
532 3250 657 3329 habere,
674 3251 758 3315 sicut
772 3252 868 3316 abbas
882 3276 938 3338 per
952 3259 1052 3319 cartes
1067 3278 1139 3319 suas
1155 3261 1187 3320 et
1202 3278 1257 3339 per

250 3368 346 3426 testes
362 3384 435 3424 suos
449 3383 501 3424 eas
515 3360 703 3445 deplacitare
718 3363 844 3446 poterit.

279 3570 346 3636 [Tha
356 3570 442 3634 king’s
453 3572 512 3620 writ
524 3572 708 3635 communding
719 3573 854 3623 induction
867 3575 896 3624 of
904 3576 948 3624 the
959 3576 1039 3626 abbot
1050 3577 1079 3626 of
1094 3579 1151 3642 aly,
1164 3574 1241 3640 &c.]¹

295 3716 476 3780 Willelmus
506 3739 560 3780 rex
591 3717 782 3801 Auglorum,
814 3719 991 3784 Lunfranco
1017 3722 1257 3807 archiepiscopo,

252 3826 394 3892 salutem.
440 3827 523 3891 Volo
540 3833 578 3891 ut
594 3828 699 3892 videas
715 3831 839 3893 carthus
854 3830 978 3894 abbatis
1000 3831 1038 3897 dc
1064 3832 1150 3912 Heli,
1174 3841 1207 3898 et
1231 3833 1258 3897 si

252 3939 359 4001 dicent
383 3938 467 4021 quod
497 3938 594 4002 abbas
623 3938 762 4023 ejusdem
792 3940 853 4004 loci
881 3941 995 4006 debeat
1023 3942 1165 4008 benedici
1188 3943 1257 4007 ubi-

252 4071 387 4133 cumque
402 4071 455 4112 rex
479 4048 565 4113 illius
589 4057 678 4114 terres
702 4050 871 4136 praecipiet,
896 4052 1011 4117 mando
1040 4059 1076 4117 ut
1099 4076 1171 4117 eum
1198 4052 1259 4137 ipsi

288 4265 294 4295 ¹
314 4263 390 4311 Liber
403 4261 521 4320 ariensis,
534 4262 584 4311 258
597 4262 677 4324 (Aug.
691 4262 774 4310 Chris.
789 4261 869 4322 Soc).
1089 4263 1100 4296 ²
1115 4264 1154 4311 Ib.
1167 4265 1224 4313 259.
