<?xml version="1.0" encoding="UTF-8"?>
<!DOCTYPE html PUBLIC "-//W3C//DTD XHTML 1.0 Transitional//EN"
    "http://www.w3.org/TR/xhtml1/DTD/xhtml1-transitional.dtd">
<html xmlns="http://www.w3.org/1999/xhtml" xml:lang="en" lang="en">
 <head>
  <title>
</title>
<meta http-equiv="Content-Type" content="text/html;charset=utf-8" />
  <meta name='ocr-system' content='tesseract 3.04.00' />
  <meta name='ocr-capabilities' content='ocr_page ocr_carea ocr_par ocr_line ocrx_word'/>
</head>
<body>
  <div class='ocr_page' id='page_1' title='image "./placitaanglonor00bigegoog_0312.png"; bbox 0 0 3000 4972; ppageno 0'>
   <div class='ocr_carea' id='block_1_1' title="bbox 669 584 1250 648">
    <p class='ocr_par' dir='ltr' id='par_1_1' title="bbox 669 584 1250 648">
     <span class='ocr_line' id='line_1_1' title="bbox 669 584 1250 648; baseline 0 0"><span class='ocrx_word' id='word_1_1' title='bbox 669 603 778 648; x_wconf 76' lang='lat' dir='ltr'>rreum</span> <span class='ocrx_word' id='word_1_2' title='bbox 802 605 838 648; x_wconf 84' lang='lat'>11.</span> <span class='ocrx_word' id='word_1_3' title='bbox 1188 584 1250 648; x_wconf 80' lang='lat'>243</span> 
     </span>
    </p>
   </div>
   <div class='ocr_carea' id='block_1_2' title="bbox 242 754 1252 4363">
    <p class='ocr_par' dir='ltr' id='par_1_2' title="bbox 246 754 1249 929">
     <span class='ocr_line' id='line_1_2' title="bbox 246 754 1249 841; baseline 0 -23"><span class='ocrx_word' id='word_1_4' title='bbox 246 754 470 819; x_wconf 81' lang='lat' dir='ltr'>conscientiam</span> <span class='ocrx_word' id='word_1_5' title='bbox 484 755 707 840; x_wconf 87' lang='lat' dir='ltr'>archiepiscopi</span> <span class='ocrx_word' id='word_1_6' title='bbox 722 756 943 840; x_wconf 76' lang='lat' dir='ltr'>praeposuistis,</span> <span class='ocrx_word' id='word_1_7' title='bbox 955 756 1153 841; x_wconf 81' lang='lat' dir='ltr'>praecipimus</span> <span class='ocrx_word' id='word_1_8' title='bbox 1164 778 1249 819; x_wconf 86' lang='lat' dir='ltr'>amo·</span> 
     </span>
     <span class='ocr_line' id='line_1_3' title="bbox 246 866 321 929; baseline 0.013 -1"><span class='ocrx_word' id='word_1_9' title='bbox 246 866 321 929; x_wconf 90' lang='lat' dir='ltr'>veri.</span> 
     </span>
    </p>

    <p class='ocr_par' dir='ltr' id='par_1_3' title="bbox 244 975 1252 2280">
     <span class='ocr_line' id='line_1_4' title="bbox 292 975 1250 1056; baseline 0.001 -19"><span class='ocrx_word' id='word_1_10' title='bbox 292 975 352 1038; x_wconf 91' lang='lat' dir='ltr'>His</span> <span class='ocrx_word' id='word_1_11' title='bbox 367 976 493 1056; x_wconf 89' lang='lat' dir='ltr'>auditis,</span> <span class='ocrx_word' id='word_1_12' title='bbox 510 976 655 1040; x_wconf 91' lang='lat' dir='ltr'>monaehi</span> <span class='ocrx_word' id='word_1_13' title='bbox 680 977 727 1039; x_wconf 94' lang='lat' dir='ltr'>illi</span> <span class='ocrx_word' id='word_1_14' title='bbox 755 978 960 1041; x_wconf 83' lang='lat' dir='ltr'>Cautuariam</span> <span class='ocrx_word' id='word_1_15' title='bbox 981 978 1130 1042; x_wconf 91' lang='lat' dir='ltr'>continuo</span> <span class='ocrx_word' id='word_1_16' title='bbox 1153 977 1250 1049; x_wconf 86' lang='lat' dir='ltr'>redie-</span> 
     </span>
     <span class='ocr_line' id='line_1_5' title="bbox 245 1086 1250 1173; baseline 0.002 -24"><span class='ocrx_word' id='word_1_17' title='bbox 245 1093 330 1150; x_wconf 90' lang='lat' dir='ltr'>runt.</span> <span class='ocrx_word' id='word_1_18' title='bbox 387 1089 539 1151; x_wconf 81' lang='lat' dir='ltr'><strong>Attamen</strong></span> <span class='ocrx_word' id='word_1_19' title='bbox 577 1086 666 1150; x_wconf 90' lang='lat' dir='ltr'>missi</span> <span class='ocrx_word' id='word_1_20' title='bbox 703 1094 778 1152; x_wconf 91' lang='lat' dir='ltr'>sunt</span> <span class='ocrx_word' id='word_1_21' title='bbox 814 1089 868 1151; x_wconf 86' lang='lat' dir='ltr'>alii</span> <span class='ocrx_word' id='word_1_22' title='bbox 908 1089 1012 1153; x_wconf 90' lang='lat' dir='ltr'>nuntii</span> <span class='ocrx_word' id='word_1_23' title='bbox 1049 1112 1068 1153; x_wconf 87' lang='lat' dir='ltr'>a</span> <span class='ocrx_word' id='word_1_24' title='bbox 1104 1089 1250 1173; x_wconf 77' lang='lat' dir='ltr'>praefecto</span> 
     </span>
     <span class='ocr_line' id='line_1_6' title="bbox 247 1197 1252 1282; baseline 0.001 -21"><span class='ocrx_word' id='word_1_25' title='bbox 247 1197 460 1275; x_wconf 79' lang='lat' dir='ltr'>Canthariam,</span> <span class='ocrx_word' id='word_1_26' title='bbox 477 1198 530 1282; x_wconf 92' lang='lat' dir='ltr'>qui</span> <span class='ocrx_word' id='word_1_27' title='bbox 548 1198 578 1260; x_wconf 94' lang='lat' dir='ltr'>in</span> <span class='ocrx_word' id='word_1_28' title='bbox 595 1197 754 1261; x_wconf 87' lang='lat' dir='ltr'>audientia</span> <span class='ocrx_word' id='word_1_29' title='bbox 769 1207 942 1262; x_wconf 88' lang='lat' dir='ltr'>conventus</span> <span class='ocrx_word' id='word_1_30' title='bbox 952 1199 1059 1263; x_wconf 89' lang='lat' dir='ltr'>eadem</span> <span class='ocrx_word' id='word_1_31' title='bbox 1068 1199 1252 1263; x_wconf 87' lang='lat' dir='ltr'>nuntiarent</span> 
     </span>
     <span class='ocr_line' id='line_1_7' title="bbox 245 1307 1250 1393; baseline 0 -22"><span class='ocrx_word' id='word_1_32' title='bbox 245 1308 356 1371; x_wconf 87' lang='lat' dir='ltr'>edicta.</span> <span class='ocrx_word' id='word_1_33' title='bbox 403 1307 582 1372; x_wconf 89' lang='lat' dir='ltr'>Abbatibus</span> <span class='ocrx_word' id='word_1_34' title='bbox 604 1331 726 1393; x_wconf 93' lang='lat' dir='ltr'>quoque</span> <span class='ocrx_word' id='word_1_35' title='bbox 748 1309 851 1373; x_wconf 89' lang='lat' dir='ltr'>tribus</span> <span class='ocrx_word' id='word_1_36' title='bbox 873 1309 1038 1373; x_wconf 81' lang='lat' dir='ltr'><strong>minaciter</strong></span> <span class='ocrx_word' id='word_1_37' title='bbox 1058 1333 1097 1373; x_wconf 88' lang='lat' dir='ltr'>cx</span> <span class='ocrx_word' id='word_1_38' title='bbox 1121 1310 1250 1393; x_wconf 88' lang='lat' dir='ltr'>imperio</span> 
     </span>
     <span class='ocr_line' id='line_1_8' title="bbox 245 1418 1250 1505; baseline 0.002 -24"><span class='ocrx_word' id='word_1_39' title='bbox 245 1418 329 1500; x_wconf 84' lang='lat' dir='ltr'>regis</span> <span class='ocrx_word' id='word_1_40' title='bbox 357 1418 530 1483; x_wconf 91' lang='lat' dir='ltr'>inhibitum</span> <span class='ocrx_word' id='word_1_41' title='bbox 558 1427 615 1498; x_wconf 90' lang='lat' dir='ltr'>est,</span> <span class='ocrx_word' id='word_1_42' title='bbox 641 1442 681 1484; x_wconf 91' lang='lat' dir='ltr'>ne</span> <span class='ocrx_word' id='word_1_43' title='bbox 703 1419 864 1484; x_wconf 81' lang='lat' dir='ltr'>occasione</span> <span class='ocrx_word' id='word_1_44' title='bbox 885 1421 991 1503; x_wconf 83' lang='lat' dir='ltr'>aliqua</span> <span class='ocrx_word' id='word_1_45' title='bbox 1012 1420 1132 1484; x_wconf 91' lang='lat' dir='ltr'>domini</span> <span class='ocrx_word' id='word_1_46' title='bbox 1163 1443 1250 1505; x_wconf 84' lang='lat' dir='ltr'>papae</span> 
     </span>
     <span class='ocr_line' id='line_1_9' title="bbox 245 1530 1251 1614; baseline 0.002 -21"><span class='ocrx_word' id='word_1_47' title='bbox 245 1536 470 1614; x_wconf 81' lang='lat' dir='ltr'>exequerentur</span> <span class='ocrx_word' id='word_1_48' title='bbox 485 1530 681 1593; x_wconf 86' lang='lat' dir='ltr'>mandatum.</span> <span class='ocrx_word' id='word_1_49' title='bbox 728 1530 821 1593; x_wconf 84' lang='lat' dir='ltr'>Missi</span> <span class='ocrx_word' id='word_1_50' title='bbox 837 1537 913 1594; x_wconf 84' lang='lat' dir='ltr'>sunt</span> <span class='ocrx_word' id='word_1_51' title='bbox 927 1531 1034 1614; x_wconf 88' lang='lat' dir='ltr'>itaque</span> <span class='ocrx_word' id='word_1_52' title='bbox 1049 1531 1194 1595; x_wconf 88' lang='lat' dir='ltr'>monaehi</span> <span class='ocrx_word' id='word_1_53' title='bbox 1210 1533 1251 1595; x_wconf 85' lang='lat' dir='ltr'>ad</span> 
     </span>
     <span class='ocr_line' id='line_1_10' title="bbox 246 1640 1250 1725; baseline 0.001 -22"><span class='ocrx_word' id='word_1_54' title='bbox 246 1663 351 1725; x_wconf 84' lang='lat' dir='ltr'>regem</span> <span class='ocrx_word' id='word_1_55' title='bbox 381 1640 415 1703; x_wconf 92' lang='lat' dir='ltr'>in</span> <span class='ocrx_word' id='word_1_56' title='bbox 439 1641 682 1718; x_wconf 84' lang='lat' dir='ltr'>Normanniam,</span> <span class='ocrx_word' id='word_1_57' title='bbox 698 1647 735 1705; x_wconf 94' lang='lat' dir='ltr'>ut</span> <span class='ocrx_word' id='word_1_58' title='bbox 761 1664 834 1704; x_wconf 93' lang='lat' dir='ltr'>cum</span> <span class='ocrx_word' id='word_1_59' title='bbox 858 1641 928 1705; x_wconf 90' lang='lat' dir='ltr'>aliis</span> <span class='ocrx_word' id='word_1_60' title='bbox 954 1642 1092 1724; x_wconf 89' lang='lat' dir='ltr'>ejusdem</span> <span class='ocrx_word' id='word_1_61' title='bbox 1116 1642 1250 1707; x_wconf 86' lang='lat' dir='ltr'>ecclesiae</span> 
     </span>
     <span class='ocr_line' id='line_1_11' title="bbox 246 1750 1250 1837; baseline 0.001 -23"><span class='ocrx_word' id='word_1_62' title='bbox 246 1750 407 1816; x_wconf 87' lang='lat' dir='ltr'>monachis</span> <span class='ocrx_word' id='word_1_63' title='bbox 422 1751 477 1835; x_wconf 91' lang='lat' dir='ltr'>qui</span> <span class='ocrx_word' id='word_1_64' title='bbox 492 1758 619 1836; x_wconf 89' lang='lat' dir='ltr'>propter</span> <span class='ocrx_word' id='word_1_65' title='bbox 633 1751 695 1816; x_wconf 87' lang='lat' dir='ltr'>alia</span> <span class='ocrx_word' id='word_1_66' title='bbox 711 1752 839 1835; x_wconf 85' lang='lat' dir='ltr'>negotia</span> <span class='ocrx_word' id='word_1_67' title='bbox 854 1751 989 1816; x_wconf 74' lang='lat' dir='ltr'>ecclesia</span> <span class='ocrx_word' id='word_1_68' title='bbox 1011 1753 1051 1816; x_wconf 86' lang='lat' dir='ltr'>ad</span> <span class='ocrx_word' id='word_1_69' title='bbox 1073 1774 1178 1837; x_wconf 84' lang='lat' dir='ltr'>regem</span> <span class='ocrx_word' id='word_1_70' title='bbox 1196 1752 1250 1816; x_wconf 92' lang='lat' dir='ltr'>diu</span> 
     </span>
     <span class='ocr_line' id='line_1_12' title="bbox 246 1860 1251 1948; baseline 0.004 -24"><span class='ocrx_word' id='word_1_71' title='bbox 246 1866 319 1926; x_wconf 87' lang='lat' dir='ltr'>aute</span> <span class='ocrx_word' id='word_1_72' title='bbox 348 1860 431 1946; x_wconf 90' lang='lat' dir='ltr'>ipsos</span> <span class='ocrx_word' id='word_1_73' title='bbox 461 1861 549 1926; x_wconf 87' lang='lat' dir='ltr'>missi</span> <span class='ocrx_word' id='word_1_74' title='bbox 580 1862 714 1938; x_wconf 88' lang='lat' dir='ltr'>fuerant,</span> <span class='ocrx_word' id='word_1_75' title='bbox 745 1862 783 1925; x_wconf 88' lang='lat' dir='ltr'>de</span> <span class='ocrx_word' id='word_1_76' title='bbox 813 1861 892 1926; x_wconf 84' lang='lat' dir='ltr'>falsa</span> <span class='ocrx_word' id='word_1_77' title='bbox 917 1863 1113 1927; x_wconf 72' lang='lat' dir='ltr'>accusatione</span> <span class='ocrx_word' id='word_1_78' title='bbox 1134 1863 1251 1948; x_wconf 89' lang='lat' dir='ltr'>absque</span> 
     </span>
     <span class='ocr_line' id='line_1_13' title="bbox 246 1972 1252 2058; baseline 0.003 -23"><span class='ocrx_word' id='word_1_79' title='bbox 246 1972 486 2057; x_wconf 81' lang='lat' dir='ltr'>privilegiorum</span> <span class='ocrx_word' id='word_1_80' title='bbox 509 1974 685 2037; x_wconf 76' lang='lat' dir='ltr'>ostensione</span> <span class='ocrx_word' id='word_1_81' title='bbox 707 1980 896 2037; x_wconf 88' lang='lat' dir='ltr'>conventum</span> <span class='ocrx_word' id='word_1_82' title='bbox 913 1980 1107 2050; x_wconf 81' lang='lat' dir='ltr'>excusarent,</span> <span class='ocrx_word' id='word_1_83' title='bbox 1129 1998 1252 2058; x_wconf 86' lang='lat' dir='ltr'>suaque</span> 
     </span>
     <span class='ocr_line' id='line_1_14' title="bbox 246 2083 1250 2149; baseline 0.002 -3"><span class='ocrx_word' id='word_1_84' title='bbox 246 2083 485 2148; x_wconf 86' lang='lat' dir='ltr'>consuetudines</span> <span class='ocrx_word' id='word_1_85' title='bbox 507 2083 641 2148; x_wconf 79' lang='lat' dir='ltr'>eeclesiae</span> <span class='ocrx_word' id='word_1_86' title='bbox 664 2083 696 2147; x_wconf 92' lang='lat' dir='ltr'>iu</span> <span class='ocrx_word' id='word_1_87' title='bbox 719 2107 845 2147; x_wconf 89' lang='lat' dir='ltr'>suarum</span> <span class='ocrx_word' id='word_1_88' title='bbox 862 2108 964 2148; x_wconf 90' lang='lat' dir='ltr'>rerum</span> <span class='ocrx_word' id='word_1_89' title='bbox 987 2084 1084 2149; x_wconf 87' lang='lat' dir='ltr'>libera</span> <span class='ocrx_word' id='word_1_90' title='bbox 1100 2085 1250 2149; x_wconf 88' lang='lat' dir='ltr'>adminis-</span> 
     </span>
     <span class='ocr_line' id='line_1_15' title="bbox 244 2193 1249 2280; baseline 0.003 -22"><span class='ocrx_word' id='word_1_91' title='bbox 244 2193 381 2259; x_wconf 84' lang='lat' dir='ltr'>tratione</span> <span class='ocrx_word' id='word_1_92' title='bbox 396 2218 434 2259; x_wconf 91' lang='lat' dir='ltr'>ex</span> <span class='ocrx_word' id='word_1_93' title='bbox 449 2194 578 2278; x_wconf 88' lang='lat' dir='ltr'>antique</span> <span class='ocrx_word' id='word_1_94' title='bbox 595 2217 705 2280; x_wconf 84' lang='lat' dir='ltr'>regum</span> <span class='ocrx_word' id='word_1_95' title='bbox 721 2202 862 2279; x_wconf 88' lang='lat' dir='ltr'>tempore</span> <span class='ocrx_word' id='word_1_96' title='bbox 877 2196 1136 2261; x_wconf 85' lang='lat' dir='ltr'>demonstrarent.</span> <span class='ocrx_word' id='word_1_97' title='bbox 1163 2245 1171 2261; x_wconf 92' lang='lat'>.</span> <span class='ocrx_word' id='word_1_98' title='bbox 1201 2246 1208 2262; x_wconf 92' lang='lat'>.</span> <span class='ocrx_word' id='word_1_99' title='bbox 1242 2247 1249 2261; x_wconf 94' lang='lat'>.</span> 
     </span>
    </p>

    <p class='ocr_par' dir='ltr' id='par_1_4' title="bbox 242 2306 1252 4363">
     <span class='ocr_line' id='line_1_16' title="bbox 290 2306 1251 2390; baseline 0.001 -21"><span class='ocrx_word' id='word_1_100' title='bbox 290 2306 397 2390; x_wconf 86' lang='lat' dir='ltr'>Igitur</span> <span class='ocrx_word' id='word_1_101' title='bbox 418 2306 667 2390; x_wconf 84' lang='lat' dir='ltr'>archiepiscopus</span> <span class='ocrx_word' id='word_1_102' title='bbox 699 2307 737 2370; x_wconf 91' lang='lat' dir='ltr'>de</span> <span class='ocrx_word' id='word_1_103' title='bbox 769 2329 824 2370; x_wconf 93' lang='lat' dir='ltr'>suo</span> <span class='ocrx_word' id='word_1_104' title='bbox 855 2307 1015 2390; x_wconf 90' lang='lat' dir='ltr'>proposito</span> <span class='ocrx_word' id='word_1_105' title='bbox 1048 2308 1251 2390; x_wconf 71' lang='lat' dir='ltr'>desperatus,¹</span> 
     </span>
     <span class='ocr_line' id='line_1_17' title="bbox 245 2417 1250 2502; baseline 0.001 -23"><span class='ocrx_word' id='word_1_106' title='bbox 245 2417 378 2480; x_wconf 82' lang='lat' dir='ltr'>festinus</span> <span class='ocrx_word' id='word_1_107' title='bbox 393 2417 432 2480; x_wconf 85' lang='lat' dir='ltr'>ad</span> <span class='ocrx_word' id='word_1_108' title='bbox 447 2440 532 2481; x_wconf 86' lang='lat' dir='ltr'>mare</span> <span class='ocrx_word' id='word_1_109' title='bbox 555 2417 727 2495; x_wconf 90' lang='lat' dir='ltr'>descendit,</span> <span class='ocrx_word' id='word_1_110' title='bbox 750 2424 783 2482; x_wconf 91' lang='lat' dir='ltr'>et</span> <span class='ocrx_word' id='word_1_111' title='bbox 806 2417 894 2501; x_wconf 90' lang='lat' dir='ltr'>quasi</span> <span class='ocrx_word' id='word_1_112' title='bbox 918 2418 1057 2502; x_wconf 87' lang='lat' dir='ltr'>gaudens</span> <span class='ocrx_word' id='word_1_113' title='bbox 1079 2419 1161 2501; x_wconf 91' lang='lat' dir='ltr'>qued</span> <span class='ocrx_word' id='word_1_114' title='bbox 1184 2426 1250 2481; x_wconf 85' lang='lat' dir='ltr'>tarn</span> 
     </span>
     <span class='ocr_line' id='line_1_18' title="bbox 244 2527 1251 2611; baseline -0.001 -20"><span class='ocrx_word' id='word_1_115' title='bbox 244 2527 355 2591; x_wconf 91' lang='lat' dir='ltr'>callide</span> <span class='ocrx_word' id='word_1_116' title='bbox 377 2534 532 2610; x_wconf 86' lang='lat' dir='ltr'>potestate</span> <span class='ocrx_word' id='word_1_117' title='bbox 559 2527 637 2590; x_wconf 83' lang='lat' dir='ltr'>laica</span> <span class='ocrx_word' id='word_1_118' title='bbox 662 2528 868 2611; x_wconf 89' lang='lat' dir='ltr'>apostolicum</span> <span class='ocrx_word' id='word_1_119' title='bbox 893 2529 1026 2592; x_wconf 87' lang='lat' dir='ltr'>elisisset</span> <span class='ocrx_word' id='word_1_120' title='bbox 1055 2528 1251 2607; x_wconf 88' lang='lat' dir='ltr'>mandatum,</span> 
     </span>
     <span class='ocr_line' id='line_1_19' title="bbox 247 2635 1251 2720; baseline 0.003 -22"><span class='ocrx_word' id='word_1_121' title='bbox 247 2637 313 2700; x_wconf 90' lang='grc' dir='ltr'><strong>ΙΙΙ.</strong></span> <span class='ocrx_word' id='word_1_122' title='bbox 336 2635 407 2699; x_wconf 91' lang='lat' dir='ltr'>idus</span> <span class='ocrx_word' id='word_1_123' title='bbox 430 2637 572 2720; x_wconf 79' lang='lat' dir='ltr'>Augusti</span> <span class='ocrx_word' id='word_1_124' title='bbox 594 2638 678 2720; x_wconf 90' lang='lat' dir='ltr'>apud</span> <span class='ocrx_word' id='word_1_125' title='bbox 702 2638 873 2701; x_wconf 90' lang='lat' dir='ltr'>Devoriam</span> <span class='ocrx_word' id='word_1_126' title='bbox 897 2638 1124 2702; x_wconf 77' lang='lat' dir='ltr'>transfretavit.</span> <span class='ocrx_word' id='word_1_127' title='bbox 1170 2640 1251 2701; x_wconf 84' lang='lat' dir='ltr'>Prae·</span> 
     </span>
     <span class='ocr_line' id='line_1_20' title="bbox 245 2747 1252 2830; baseline 0.001 -21"><span class='ocrx_word' id='word_1_128' title='bbox 245 2747 333 2809; x_wconf 90' lang='lat' dir='ltr'>missi</span> <span class='ocrx_word' id='word_1_129' title='bbox 357 2753 435 2810; x_wconf 92' lang='lat' dir='ltr'>sunt</span> <span class='ocrx_word' id='word_1_130' title='bbox 457 2754 563 2810; x_wconf 89' lang='lat' dir='ltr'>autem</span> <span class='ocrx_word' id='word_1_131' title='bbox 578 2747 617 2809; x_wconf 87' lang='lat' dir='ltr'>ud</span> <span class='ocrx_word' id='word_1_132' title='bbox 641 2769 748 2830; x_wconf 83' lang='lat' dir='ltr'>regem</span> <span class='ocrx_word' id='word_1_133' title='bbox 772 2754 809 2811; x_wconf 93' lang='lat' dir='ltr'>ut</span> <span class='ocrx_word' id='word_1_134' title='bbox 830 2747 1015 2830; x_wconf 81' lang='lat' dir='ltr'>praedictum</span> <span class='ocrx_word' id='word_1_135' title='bbox 1037 2756 1085 2811; x_wconf 89' lang='lat' dir='ltr'>est</span> <span class='ocrx_word' id='word_1_136' title='bbox 1107 2749 1252 2813; x_wconf 89' lang='lat' dir='ltr'>monachi</span> 
     </span>
     <span class='ocr_line' id='line_1_21' title="bbox 245 2856 1251 2940; baseline 0.003 -21"><span class='ocrx_word' id='word_1_137' title='bbox 245 2858 317 2936; x_wconf 92' lang='lat' dir='ltr'>duo,</span> <span class='ocrx_word' id='word_1_138' title='bbox 334 2856 388 2940; x_wconf 90' lang='lat' dir='ltr'>qui</span> <span class='ocrx_word' id='word_1_139' title='bbox 403 2865 595 2921; x_wconf 89' lang='lat' dir='ltr'>conventum</span> <span class='ocrx_word' id='word_1_140' title='bbox 618 2857 657 2921; x_wconf 86' lang='lat' dir='ltr'>ab</span> <span class='ocrx_word' id='word_1_141' title='bbox 680 2857 835 2940; x_wconf 88' lang='lat' dir='ltr'>impositis</span> <span class='ocrx_word' id='word_1_142' title='bbox 851 2863 1046 2923; x_wconf 84' lang='lat' dir='ltr'>excusarent.</span> <span class='ocrx_word' id='word_1_143' title='bbox 1093 2858 1157 2923; x_wconf 80' lang='lat' dir='ltr'>Qui</span> <span class='ocrx_word' id='word_1_144' title='bbox 1179 2881 1251 2922; x_wconf 92' lang='lat' dir='ltr'>cum</span> 
     </span>
     <span class='ocr_line' id='line_1_22' title="bbox 244 2968 1249 3053; baseline -0.001 -20"><span class='ocrx_word' id='word_1_145' title='bbox 244 2968 393 3033; x_wconf 87' lang='lat' dir='ltr'>secretius</span> <span class='ocrx_word' id='word_1_146' title='bbox 415 2990 488 3033; x_wconf 93' lang='lat' dir='ltr'>cum</span> <span class='ocrx_word' id='word_1_147' title='bbox 511 2991 584 3052; x_wconf 82' lang='lat' dir='ltr'>rege</span> <span class='ocrx_word' id='word_1_148' title='bbox 606 2969 644 3033; x_wconf 88' lang='lat' dir='ltr'>de</span> <span class='ocrx_word' id='word_1_149' title='bbox 666 2969 828 3032; x_wconf 86' lang='lat' dir='ltr'>vocatione</span> <span class='ocrx_word' id='word_1_150' title='bbox 859 2968 1093 3045; x_wconf 83' lang='lat' dir='ltr'>monachorum,</span> <span class='ocrx_word' id='word_1_151' title='bbox 1116 2970 1154 3033; x_wconf 93' lang='lat' dir='ltr'>de</span> <span class='ocrx_word' id='word_1_152' title='bbox 1187 2971 1249 3053; x_wconf 88' lang='lat' dir='ltr'>pri-</span> 
     </span>
     <span class='ocr_line' id='line_1_23' title="bbox 246 3078 1249 3164; baseline -0.001 -20"><span class='ocrx_word' id='word_1_153' title='bbox 246 3079 370 3162; x_wconf 87' lang='lat' dir='ltr'>vilegiis</span> <span class='ocrx_word' id='word_1_154' title='bbox 401 3079 598 3158; x_wconf 83' lang='lat' dir='ltr'>exhibendis,</span> <span class='ocrx_word' id='word_1_155' title='bbox 622 3079 661 3143; x_wconf 87' lang='lat' dir='ltr'>de</span> <span class='ocrx_word' id='word_1_156' title='bbox 694 3078 880 3143; x_wconf 86' lang='lat' dir='ltr'>inhibitione</span> <span class='ocrx_word' id='word_1_157' title='bbox 914 3079 1056 3143; x_wconf 86' lang='lat' dir='ltr'>mandati</span> <span class='ocrx_word' id='word_1_158' title='bbox 1089 3080 1249 3164; x_wconf 88' lang='lat' dir='ltr'>apostolici</span> 
     </span>
     <span class='ocr_line' id='line_1_24' title="bbox 244 3190 1248 3274; baseline 0.001 -19"><span class='ocrx_word' id='word_1_159' title='bbox 244 3190 417 3274; x_wconf 87' lang='lat' dir='ltr'>exequendi</span> <span class='ocrx_word' id='word_1_160' title='bbox 449 3190 538 3273; x_wconf 88' lang='lat' dir='ltr'>plura</span> <span class='ocrx_word' id='word_1_161' title='bbox 570 3190 752 3274; x_wconf 87' lang='lat' dir='ltr'>proferrent,</span> <span class='ocrx_word' id='word_1_162' title='bbox 775 3198 1026 3274; x_wconf 91' lang='lat' dir='ltr'>conventumque</span> <span class='ocrx_word' id='word_1_163' title='bbox 1056 3199 1248 3272; x_wconf 82' lang='lat' dir='ltr'>excusarent,</span> 
     </span>
     <span class='ocr_line' id='line_1_25' title="bbox 244 3300 1246 3387; baseline 0.004 -23"><span class='ocrx_word' id='word_1_164' title='bbox 244 3303 328 3386; x_wconf 92' lang='lat' dir='ltr'>quod</span> <span class='ocrx_word' id='word_1_165' title='bbox 364 3300 409 3364; x_wconf 95' lang='lat' dir='ltr'>nil</span> <span class='ocrx_word' id='word_1_166' title='bbox 447 3309 558 3365; x_wconf 84' lang='lat' dir='ltr'>contra</span> <span class='ocrx_word' id='word_1_167' title='bbox 595 3323 704 3384; x_wconf 86' lang='lat' dir='ltr'>regem</span> <span class='ocrx_word' id='word_1_168' title='bbox 741 3301 792 3365; x_wconf 87' lang='lat' dir='ltr'>vel</span> <span class='ocrx_word' id='word_1_169' title='bbox 829 3323 963 3385; x_wconf 82' lang='lat' dir='ltr'>regnum</span> <span class='ocrx_word' id='word_1_170' title='bbox 1010 3304 1246 3387; x_wconf 89' lang='lat' dir='ltr'>perquisissent,</span> 
     </span>
     <span class='ocr_line' id='line_1_26' title="bbox 244 3412 1250 3499; baseline 0.002 -22"><span class='ocrx_word' id='word_1_171' title='bbox 244 3436 299 3477; x_wconf 88' lang='lat' dir='ltr'>rex</span> <span class='ocrx_word' id='word_1_172' title='bbox 320 3414 361 3477; x_wconf 88' lang='lat' dir='ltr'>ad</span> <span class='ocrx_word' id='word_1_173' title='bbox 382 3413 489 3478; x_wconf 87' lang='lat' dir='ltr'>omnia</span> <span class='ocrx_word' id='word_1_174' title='bbox 510 3412 644 3477; x_wconf 84' lang='lat' dir='ltr'>miratus</span> <span class='ocrx_word' id='word_1_175' title='bbox 664 3413 785 3496; x_wconf 87' lang='lat' dir='ltr'>juravit</span> <span class='ocrx_word' id='word_1_176' title='bbox 808 3412 841 3476; x_wconf 92' lang='lat' dir='ltr'>in</span> <span class='ocrx_word' id='word_1_177' title='bbox 863 3412 958 3477; x_wconf 92' lang='lat' dir='ltr'>verbo</span> <span class='ocrx_word' id='word_1_178' title='bbox 980 3414 1065 3499; x_wconf 81' lang='lat' dir='ltr'>regio</span> <span class='ocrx_word' id='word_1_179' title='bbox 1087 3415 1170 3499; x_wconf 91' lang='lat' dir='ltr'>quod</span> <span class='ocrx_word' id='word_1_180' title='bbox 1193 3438 1250 3480; x_wconf 91' lang='lat' dir='ltr'>nec</span> 
     </span>
     <span class='ocr_line' id='line_1_27' title="bbox 244 3523 1249 3609; baseline 0.003 -21"><span class='ocrx_word' id='word_1_181' title='bbox 244 3525 413 3589; x_wconf 87' lang='lat' dir='ltr'>monachos</span> <span class='ocrx_word' id='word_1_182' title='bbox 434 3523 633 3589; x_wconf 88' lang='lat' dir='ltr'>mandaverit</span> <span class='ocrx_word' id='word_1_183' title='bbox 656 3546 713 3588; x_wconf 91' lang='lat' dir='ltr'>nec</span> <span class='ocrx_word' id='word_1_184' title='bbox 736 3523 914 3608; x_wconf 84' lang='lat' dir='ltr'>privilegia,</span> <span class='ocrx_word' id='word_1_185' title='bbox 937 3531 970 3588; x_wconf 89' lang='lat' dir='ltr'>ct</span> <span class='ocrx_word' id='word_1_186' title='bbox 994 3526 1077 3609; x_wconf 93' lang='lat' dir='ltr'>quod</span> <span class='ocrx_word' id='word_1_187' title='bbox 1108 3527 1249 3591; x_wconf 89' lang='lat' dir='ltr'>executio</span> 
     </span>
     <span class='ocr_line' id='line_1_28' title="bbox 244 3634 1249 3719; baseline 0.005 -21"><span class='ocrx_word' id='word_1_188' title='bbox 244 3634 387 3699; x_wconf 86' lang='lat' dir='ltr'>mandati</span> <span class='ocrx_word' id='word_1_189' title='bbox 402 3634 565 3719; x_wconf 88' lang='lat' dir='ltr'>apostolici</span> <span class='ocrx_word' id='word_1_190' title='bbox 580 3658 635 3719; x_wconf 91' lang='lat' dir='ltr'>per</span> <span class='ocrx_word' id='word_1_191' title='bbox 656 3658 728 3700; x_wconf 91' lang='lat' dir='ltr'>eum</span> <span class='ocrx_word' id='word_1_192' title='bbox 751 3657 816 3700; x_wconf 90' lang='lat' dir='ltr'>non</span> <span class='ocrx_word' id='word_1_193' title='bbox 838 3636 972 3700; x_wconf 85' lang='lat' dir='ltr'>steterit.</span> <span class='ocrx_word' id='word_1_194' title='bbox 1018 3636 1067 3701; x_wconf 91' lang='lat' dir='ltr'>De</span> <span class='ocrx_word' id='word_1_195' title='bbox 1089 3638 1249 3703; x_wconf 87' lang='lat' dir='ltr'>invasione</span> 
     </span>
     <span class='ocr_line' id='line_1_29' title="bbox 244 3744 1248 3828; baseline 0.002 -19"><span class='ocrx_word' id='word_1_196' title='bbox 244 3744 343 3809; x_wconf 88' lang='lat' dir='ltr'>eciam</span> <span class='ocrx_word' id='word_1_197' title='bbox 365 3744 576 3808; x_wconf 86' lang='lat' dir='ltr'>maneriorum</span> <span class='ocrx_word' id='word_1_198' title='bbox 599 3745 772 3828; x_wconf 91' lang='lat' dir='ltr'>plurimum</span> <span class='ocrx_word' id='word_1_199' title='bbox 788 3745 874 3809; x_wconf 85' lang='lat' dir='ltr'>visus</span> <span class='ocrx_word' id='word_1_200' title='bbox 897 3752 946 3809; x_wconf 85' lang='lat' dir='ltr'>est</span> <span class='ocrx_word' id='word_1_201' title='bbox 969 3746 1126 3824; x_wconf 86' lang='lat' dir='ltr'>admirari,</span> <span class='ocrx_word' id='word_1_202' title='bbox 1142 3748 1248 3812; x_wconf 88' lang='lat' dir='ltr'>dicens</span> 
     </span>
     <span class='ocr_line' id='line_1_30' title="bbox 244 3853 1248 3938; baseline 0.004 -20"><span class='ocrx_word' id='word_1_203' title='bbox 244 3853 511 3938; x_wconf 88' lang='lat' dir='ltr'>archiepiscopum</span> <span class='ocrx_word' id='word_1_204' title='bbox 535 3854 567 3917; x_wconf 93' lang='lat' dir='ltr'>in</span> <span class='ocrx_word' id='word_1_205' title='bbox 590 3855 736 3918; x_wconf 91' lang='lat' dir='ltr'>omnibus</span> <span class='ocrx_word' id='word_1_206' title='bbox 755 3855 815 3933; x_wconf 90' lang='lat' dir='ltr'>his,</span> <span class='ocrx_word' id='word_1_207' title='bbox 837 3863 870 3920; x_wconf 92' lang='lat' dir='ltr'>et</span> <span class='ocrx_word' id='word_1_208' title='bbox 894 3855 1029 3920; x_wconf 87' lang='lat' dir='ltr'>maxime</span> <span class='ocrx_word' id='word_1_209' title='bbox 1052 3857 1084 3919; x_wconf 89' lang='lat' dir='ltr'>in</span> <span class='ocrx_word' id='word_1_210' title='bbox 1118 3857 1248 3922; x_wconf 72' lang='lat' dir='ltr'>aedifica·</span> 
     </span>
     <span class='ocr_line' id='line_1_31' title="bbox 245 3963 1248 4047; baseline -0.001 -16"><span class='ocrx_word' id='word_1_211' title='bbox 245 3965 331 4031; x_wconf 91' lang='lat' dir='ltr'>tione</span> <span class='ocrx_word' id='word_1_212' title='bbox 347 3987 435 4028; x_wconf 82' lang='lat' dir='ltr'>novae</span> <span class='ocrx_word' id='word_1_213' title='bbox 451 3963 586 4028; x_wconf 75' lang='lat' dir='ltr'>ecclesia</span> <span class='ocrx_word' id='word_1_214' title='bbox 609 3963 747 4027; x_wconf 86' lang='lat' dir='ltr'>multum</span> <span class='ocrx_word' id='word_1_215' title='bbox 771 3987 896 4042; x_wconf 86' lang='lat' dir='ltr'>errasse,</span> <span class='ocrx_word' id='word_1_216' title='bbox 911 3987 1003 4047; x_wconf 87' lang='lat' dir='ltr'>seque</span> <span class='ocrx_word' id='word_1_217' title='bbox 1026 3965 1125 4029; x_wconf 91' lang='lat' dir='ltr'>eidem</span> <span class='ocrx_word' id='word_1_218' title='bbox 1148 3967 1248 4030; x_wconf 89' lang='lat' dir='ltr'>archi-</span> 
     </span>
     <span class='ocr_line' id='line_1_32' title="bbox 244 4074 1248 4161; baseline -0.002 -20"><span class='ocrx_word' id='word_1_219' title='bbox 244 4077 386 4161; x_wconf 88' lang='lat' dir='ltr'>episcopo</span> <span class='ocrx_word' id='word_1_220' title='bbox 408 4076 448 4139; x_wconf 87' lang='lat' dir='ltr'>ad</span> <span class='ocrx_word' id='word_1_221' title='bbox 470 4074 738 4138; x_wconf 89' lang='lat' dir='ltr'>constructionem</span> <span class='ocrx_word' id='word_1_222' title='bbox 760 4075 861 4156; x_wconf 90' lang='lat' dir='ltr'>operis</span> <span class='ocrx_word' id='word_1_223' title='bbox 884 4075 1063 4157; x_wconf 88' lang='lat' dir='ltr'>hujusmodi</span> <span class='ocrx_word' id='word_1_224' title='bbox 1087 4098 1248 4160; x_wconf 86' lang='lat' dir='ltr'>nunquam</span> 
     </span>
     <span class='ocr_line' id='line_1_33' title="bbox 243 4183 1249 4272; baseline -0.002 -20"><span class='ocrx_word' id='word_1_225' title='bbox 243 4188 363 4252; x_wconf 84' lang='lat' dir='ltr'>dedisse</span> <span class='ocrx_word' id='word_1_226' title='bbox 385 4185 561 4264; x_wconf 90' lang='lat' dir='ltr'>consilium,</span> <span class='ocrx_word' id='word_1_227' title='bbox 578 4185 632 4248; x_wconf 91' lang='lat' dir='ltr'>sed</span> <span class='ocrx_word' id='word_1_228' title='bbox 654 4183 841 4267; x_wconf 88' lang='lat' dir='ltr'>simpliciter</span> <span class='ocrx_word' id='word_1_229' title='bbox 856 4184 994 4247; x_wconf 83' lang='lat' dir='ltr'>eanouiae</span> <span class='ocrx_word' id='word_1_230' title='bbox 1008 4185 1156 4250; x_wconf 85' lang='lat' dir='ltr'>saciendae</span> <span class='ocrx_word' id='word_1_231' title='bbox 1171 4211 1249 4272; x_wconf 85' lang='lat' dir='ltr'>prae-</span> 
     </span>
     <span class='ocr_line' id='line_1_34' title="bbox 242 4297 535 4363; baseline -0.01 0"><span class='ocrx_word' id='word_1_232' title='bbox 242 4297 347 4363; x_wconf 90' lang='lat' dir='ltr'>buisse</span> <span class='ocrx_word' id='word_1_233' title='bbox 363 4318 535 4361; x_wconf 85' lang='lat' dir='ltr'>assensum.</span> 
     </span>
    </p>
   </div>
   <div class='ocr_carea' id='block_1_3' title="bbox 507 4428 990 4583">
    <p class='ocr_par' dir='ltr' id='par_1_5' title="bbox 507 4428 990 4583">
     <span class='ocr_line' id='line_1_35' title="bbox 507 4428 990 4480; baseline -0.002 0"><span class='ocrx_word' id='word_1_234' title='bbox 507 4432 515 4465; x_wconf 89' lang='lat'><strong>¹</strong></span> <span class='ocrx_word' id='word_1_235' title='bbox 533 4430 584 4480; x_wconf 86' lang='lat' dir='ltr'>His</span> <span class='ocrx_word' id='word_1_236' title='bbox 595 4429 720 4479; x_wconf 61' lang='lat' dir='ltr'>mmands</span> <span class='ocrx_word' id='word_1_237' title='bbox 732 4444 800 4478; x_wconf 78' lang='lat' dir='ltr'>vvere</span> <span class='ocrx_word' id='word_1_238' title='bbox 811 4429 867 4478; x_wconf 84' lang='lat' dir='ltr'>still</span> <span class='ocrx_word' id='word_1_239' title='bbox 878 4428 990 4479; x_wconf 83' lang='lat' dir='ltr'>refused.</span> 
     </span>
     <span class='ocr_line' id='line_1_36' title="bbox 723 4518 786 4583; baseline 0 0"><span class='ocrx_word' id='word_1_240' title='bbox 723 4539 744 4583; x_wconf 81' lang='lat' dir='ltr'>a</span> <span class='ocrx_word' id='word_1_241' title='bbox 766 4518 786 4583; x_wconf 82' lang='lat'><strong>2</strong></span> 
     </span>
    </p>
   </div>
   <div class='ocr_carea' id='block_1_4' title="bbox 0 0 1504 4972">
    <p class='ocr_par' dir='ltr' id='par_1_6' title="bbox 0 0 1504 4972">
     <span class='ocr_line' id='line_1_37' title="bbox 0 0 1504 4972; baseline 0 0"><span class='ocrx_word' id='word_1_242' title='bbox 0 0 1504 4972; x_wconf 95' lang='lat' dir='ltr'> </span> 
     </span>
    </p>
   </div>
  </div>
 </body>
</html>
