3000 4972
290 548 332 611 46
537 565 672 610 raucus
694 563 1045 610 auom-ucauarnucA.

291 718 449 783 Bebertus
465 717 577 783 Melet.
625 718 828 783 Hertesmera
842 714 991 780 hundret.
1035 718 1076 782 In
1096 718 1202 796 Acclt,
1216 718 1293 782 XX.

290 852 377 895 acras
391 835 478 895 tenet
494 830 635 894 Brictere
649 829 729 894 liber
750 829 844 893 homo
861 828 1021 913 stigandi,
1037 851 1159 913 semper
1177 830 1206 895 Ι.
1220 830 1292 895 bor-

289 940 397 1005 darius
421 948 454 1007 et
479 941 564 1006 valet
579 940 651 1006 XL.
667 940 698 1005 d.
745 941 839 1005 Hanc
862 945 980 1006 terram
1004 941 1092 1006 dedit
1116 940 1294 1026 Stigandus

291 1053 387 1117 matri
417 1052 549 1118 Rcberti
577 1053 691 1133 Malet,
721 1057 755 1118 et
783 1052 852 1137 ipsa
881 1075 952 1116 eam
980 1058 1088 1138 postea
1116 1053 1222 1117 tenuit
1254 1051 1293 1117 de

290 1164 411 1249 regina,
428 1163 518 1229 modo
533 1163 686 1248 episeopo,
732 1163 772 1226 In
792 1164 902 1228 cadem
918 1163 1069 1228 Chericus
1094 1164 1175 1228 liber
1199 1164 1294 1229 homo

290 1274 457 1340 dimidium
472 1274 768 1340 subcommendatus
783 1275 972 1340 antecessori
983 1273 1114 1340 Rcberti
1131 1275 1245 1354 Melet,
1261 1282 1294 1341 et

291 1385 458 1450 dimidium
468 1385 705 1452 commendatus
716 1386 801 1449 Saxo
812 1385 1294 1469 antecessoriRadulfiPiperelli,

291 1497 365 1562 XX.
376 1520 462 1563 acras
477 1498 568 1564 etII.
579 1497 740 1562 bordarios
755 1503 787 1561 et
802 1498 831 1562 Ι.
847 1503 1027 1562 carucatam
1038 1503 1071 1562 et
1080 1497 1166 1561 valet
1177 1498 1248 1560 XL.
1261 1496 1292 1561 d.

335 1609 482 1694 Biscopes
506 1608 653 1673 hundret.
697 1609 740 1672 In
764 1607 994 1692 Badingefelda
1017 1613 1129 1673 tenent
1153 1608 1294 1672 Brictere

290 1726 325 1785 et
337 1720 488 1785 Charicus
502 1717 675 1804 supradicti
691 1718 765 1782 XL.
782 1741 868 1782 acras
884 1718 1063 1802 supradicto
1078 1717 1183 1784 modo.
1206 1719 1294 1783 Tunc

292 1833 318 1896 1.
344 1837 499 1908 carucata,
515 1830 607 1895 modo
628 1829 808 1893 dimidium.
855 1830 952 1908 Silva,
977 1830 1050 1895 XL.
1077 1830 1180 1915 porcis
1204 1836 1237 1894 ct
1263 1829 1292 1894 I.
1355 1884 1359 1891 .

291 1941 371 2006 liber
385 1941 478 2005 hcmc
494 1939 733 2005 commendatus
748 1939 924 2018 Brictredo,
938 1941 982 2005 V.
997 1964 1075 2004 acrae
1089 1945 1194 2005 totum
1211 1940 1296 2004 valet

291 2051 363 2116 XL.
380 2050 481 2117 solidi.
520 2050 723 2115 Hertesmera
731 2049 878 2115 hundret.
916 2051 958 2114 In
967 2051 1094 2134 Aspala,
1107 2051 1193 2114 IIII.
1206 2050 1296 2114 liberi

292 2161 436 2228 hemines
454 2161 492 2226 de
513 2159 611 2223 Rulfc
637 2157 849 2223 commendati
869 2159 977 2224 abbati
993 2159 1032 2224 de
1044 2160 1107 2239 Eli,
1123 2169 1156 2226 et
1167 2162 1295 2226 Tursta·

291 2295 352 2338 nus
381 2269 618 2337 commendatus
649 2269 755 2345 Saarna,1
785 2275 818 2333 et
848 2270 1026 2334 Marculfus
1060 2272 1297 2337 commendatus

291 2383 399 2449 Edrici
419 2379 606 2446 antecessori
617 2378 748 2443 Reberti
772 2378 887 2457 Melet,
906 2388 938 2444 et
954 2380 1131 2446 Grunulfus
1157 2382 1298 2447 subcom-

292 2495 459 2560 mendatus
482 2490 669 2557 antecessori
685 2489 817 2555 Roberti
837 2491 951 2571 Malet,
963 2467 1152 2558 LXXXVI.
1169 2516 1246 2558 acrae
1266 2501 1298 2558 et

292 2607 374 2673 VII.
399 2602 546 2669 bordarii.
581 2603 713 2686 Semper
739 2601 806 2665 III.
838 2606 993 2666 carucatae
1021 2603 1070 2669 ΙΙ.
1095 2626 1174 2668 acrae
1203 2605 1298 2689 prati.

294 2719 425 2801 Semper
439 2714 541 2780 valuit
556 2713 628 2778 XL.
645 2712 748 2778 solidi.
793 2713 842 2776 Ex
858 2712 917 2777 hac
941 2718 1023 2778 terra
1036 2713 1101 2779 fuit
1116 2715 1299 2780 Willelmus

292 2830 397 2895 Malct
412 2826 549 2904 saisitus,
565 2825 611 2890 sic
625 2823 763 2888 hundret
782 2829 921 2888 testatur
935 2829 1106 2910 antequam
1131 2826 1295 2910 episcopus

292 2939 492 3015 Baiocensis3
514 2943 548 3002 et
562 2940 671 3020 postea
684 2935 774 3000 venit
790 2935 956 3000 Hubertus
970 2935 1009 3000 dc
1024 2938 1134 3016 Portu,
1160 2944 1194 3002 et
1209 2938 1297 3003 dera-

292 3051 571 3121 cionavitliberam
582 3057 699 3112 terram
714 3052 747 3111 et
757 3045 881 3110 saisivit
891 3046 1071 3130 episcopum
1087 3072 1126 3112 ex
1140 3049 1199 3113 hac
1215 3056 1299 3113 terra

293 3166 376 3253 qued
391 3163 480 3228 liberi
496 3158 638 3226 homines
652 3180 722 3223 eam
738 3156 900 3234 tenebant,
919 3163 951 3220 ct
976 3156 1027 3220 die
1052 3179 1115 3241 qua
1141 3158 1297 3222 Radulfus

294 3298 397 3344 comes
426 3268 578 3337 forisfecit
606 3274 708 3332 mater
733 3265 864 3329 Rcberti
891 3265 963 3330 inde
990 3266 1099 3331 saisita
1122 3273 1190 3330 erat
1215 3274 1297 3333 teste

293 3384 443 3460 hundret,
458 3385 492 3445 et
505 3399 604 3462 usque
619 3376 659 3440 ad
674 3375 826 3460 placitum
842 3375 881 3438 dc
897 3374 1071 3455 Hodiham,
1087 3376 1178 3441 modo
1194 3384 1242 3442 est
1262 3380 1296 3442 in

294 3518 369 3584 pace
379 3491 472 3577 regis,
481 3489 564 3553 sicut
575 3509 629 3551 rex
641 3485 787 3571 praecepit
798 3484 913 3550 iterum
927 3485 1108 3570 episcopum
1117 3494 1150 3551 et
1162 3496 1297 3554 matrem

296 3605 446 3675 Rcberti.²

392 3869 401 3901 ¹
420 3863 513 3918 Saxo?
