3000 4972
627 570 737 615 aaran
760 569 783 614 1.
1146 551 1208 614 128

202 726 294 806 pacto
308 721 391 786 hane
406 721 444 786 de
459 746 522 809 qua
536 723 644 808 agitur
658 724 819 790 ecclesiam
834 724 873 789 de
896 722 987 789 Bello
1010 720 1072 789 sibi
1096 721 1205 807 subju·

202 834 308 918 gando
323 836 497 904 ancillaret.
543 838 578 901 Is
592 837 700 922 itaque
719 861 739 902 a
760 836 849 921 regia
870 841 1036 922 gratanter
1059 834 1208 920 magnifi-

202 945 306 1011 centia
320 954 480 1033 exceptus,
494 956 567 1034 post
581 947 647 1014 dies
661 947 791 1015 tandem
816 948 960 1015 solennes
981 947 1137 1013 adventus
1159 947 1209 1012 sui

203 1080 330 1123 causam
346 1059 414 1144 regi
429 1084 484 1146 per
498 1060 711 1127 internuntios
726 1059 882 1146 sagaciter
896 1082 1064 1146 suggerere
1075 1058 1208 1126 curavit

204 1168 292 1254 Rege
307 1170 413 1255 itaque
428 1170 596 1237 immodica
610 1171 677 1255 ejus
692 1171 777 1236 votis
791 1194 847 1256 pro
861 1170 910 1236 sui
924 1169 1099 1237 reverentia
1113 1176 1146 1236 et
1167 1168 1208 1236 ob

203 1278 236 1345 id
262 1302 358 1365 quam
376 1281 514 1347 maxime
534 1282 617 1367 quod
643 1283 682 1348 de
705 1290 774 1348 tam
800 1282 929 1348 remotis
954 1281 1098 1367 partibus
1124 1280 1209 1346 ultro

202 1413 292 1455 suam
328 1391 497 1476 expetisset
526 1394 656 1473 curiam,
686 1393 790 1458 favere
818 1399 967 1472 conante,
996 1391 1073 1457 hinc
1097 1397 1207 1456 tamen

203 1500 320 1587 absque
334 1503 464 1568 consilio
479 1503 525 1568 nil
539 1504 662 1571 definiri
684 1503 880 1571 deliberavit.
926 1503 1030 1568 Affuit
1051 1502 1155 1587 igitur
1176 1507 1209 1567 et

203 1619 281 1679 tunc
296 1613 381 1680 inter
405 1616 541 1702 reliquos
565 1616 655 1701 regni
681 1615 834 1701 primores
858 1614 892 1680 in
916 1613 1014 1694 curia,
1040 1614 1090 1678 uti
1114 1613 1209 1698 rogia

204 1725 285 1791 aula
321 1728 449 1792 secretis
487 1750 552 1792 non
581 1727 736 1806 exclusus,
767 1731 959 1792 memoratus
989 1724 1038 1791 vir
1063 1723 1209 1791 dominus

205 1837 405 1917 (lamfridus,
436 1837 590 1904 Bellensis
620 1837 755 1904 ecclesiae
787 1842 979 1922 procurator.
1041 1834 1107 1902 Qui
1132 1836 1208 1902 dum

204 1945 270 2011 hac
294 1947 375 2013 forte
397 1947 550 2027 rescisset,
577 1971 678 2014 eausa
704 1970 770 2012 non
792 1947 934 2032 segniter
957 1970 1013 2032 per
1035 1969 1068 2012 se
1094 1968 1210 2032 perque

204 2079 267 2122 sua
296 2057 435 2123 fautores
467 2058 642 2142 prudentia
665 2058 846 2138 intendens,
870 2058 945 2123 hine
971 2056 1057 2143 regis
1080 2056 1210 2143 penitus

205 2166 347 2231 animum
362 2169 492 2253 provide
508 2169 649 2254 perstitit
663 2176 813 2237 avertere.
859 2170 941 2235 Cum
957 2190 1033 2253 ergo
1047 2169 1108 2234 hac
1123 2168 1161 2234 de
1176 2190 1210 2233 re

205 2276 330 2343 abbatis
353 2278 493 2361 ejusdem
521 2278 713 2362 legationem
740 2302 797 2345 rex
825 2279 1010 2365 excepisset,
1034 2277 1211 2344 dicentisa

205 2394 294 2470 patre
308 2386 408 2472 ipsius
423 2411 498 2473 rege
512 2388 674 2454 Willelmo
689 2389 772 2454 Belli
787 2387 1013 2455 monasterium
1032 2387 1068 2452 in
1089 2387 1209 2472 subjec-

206 2496 303 2562 tionis
318 2496 496 2563 dominium
512 2496 631 2584 Majori
647 2498 843 2565 Mouasterio
858 2499 898 2564 ab
913 2497 1006 2564 initio
1016 2496 1212 2562 fundationis

206 2609 292 2673 illius
313 2609 475 2690 collatum,
486 2609 736 2675 confirmationis
759 2610 960 2675 munimenta
982 2610 1057 2674 hinc
1079 2608 1119 2673 ab
1143 2607 1211 2692 ipso

205 2719 335 2804 provide
350 2721 433 2805 regii
447 2720 620 2806 exigebant
634 2721 816 2786 consiliarii.
860 2722 913 2786 Ad
936 2722 1002 2785 haec
1017 2742 1090 2784 curn
1105 2719 1212 2799 abbas,

207 2829 292 2894 tanti
318 2829 379 2895 viri
409 2830 528 2896 donum
554 2830 745 2897 verbotenus
769 2831 921 2896 collatum
946 2830 1063 2914 absque
1095 2828 1212 2894 arbitro

208 2961 298 3023 posse
321 2941 470 3019 sufficere,
497 2965 554 3007 nec
579 2966 673 3026 super
699 2942 758 3006 hoc
782 2941 945 3025 quodlibet
968 2939 1212 3005 confirmationis

208 3049 345 3115 edictum
362 3073 551 3137 quemquam
567 3053 719 3118 hactenus
734 3052 890 3137 quaesisse,
906 3052 980 3138 quia
995 3074 1052 3117 nec
1074 3074 1213 3117 necessa·

208 3159 290 3225 rium
306 3161 370 3225 fore
385 3162 553 3246 putabant,
569 3169 724 3229 astrueret
735 3190 744 3241 ;
769 3186 951 3248 responsum
975 3168 1033 3242 est,
1058 3185 1123 3227 non
1148 3162 1213 3227 fore

208 3277 314 3336 ratum
328 3295 418 3356 posse
434 3273 635 3339 donationem
652 3281 749 3340 tantae
765 3275 809 3340 rei
826 3275 882 3339 ubi
897 3275 1015 3340 scilicet
1030 3280 1062 3339 et
1076 3273 1214 3339 liberalis

208 3383 379 3447 auctoritas
393 3383 593 3467 dignitatum
616 3408 737 3451 necnon
763 3393 797 3452 et
823 3386 917 3471 regia
942 3408 1062 3451 coronae
1086 3385 1215 3450 extabat

208 3494 346 3577 signum,
377 3494 403 3558 si
430 3518 495 3561 non
525 3502 583 3562 aut
609 3503 766 3563 cartarum
795 3504 851 3562 aut
877 3505 962 3565 certe
984 3498 1116 3562 testium
1140 3497 1215 3562 vira

208 3627 284 3669 voce
312 3604 444 3689 probata
474 3607 683 3674 roboraretur.
744 3608 816 3674 Hac
852 3609 952 3693 igitur
984 3607 1105 3672 ratione
1142 3612 1214 3672 tan-

208 3714 280 3778 dem
304 3720 439 3780 cassata¹
467 3717 621 3782 exactoris
648 3717 871 3797 sollicitudine,
893 3717 967 3783 hinc
992 3741 1061 3802 spes
1087 3719 1216 3783 effectus

209 3825 395 3890 excluditur.

643 4014 650 4045 ¹
671 4018 781 4063 cessata
