3000 4972
631 548 738 593 ussus
761 548 797 592 11.
960 566 963 572 ·
1160 528 1221 590 189

220 723 375 804 [Cnoson
391 743 429 788 or
445 726 541 789 Your<
555 748 582 791 o.
598 727 737 790 Caunos
754 744 794 789 or
810 725 1033 789 Gnoucasrss.
1094 725 1220 806 1157.]¹

219 869 333 934 [Record
345 872 374 920 cf
383 874 520 936 judgment
531 874 561 922 os
569 875 738 936 composition
746 874 864 923 between
875 874 921 922 the
932 873 1030 936 parties
1041 888 1071 922 as
1083 877 1112 922 to
1122 873 1222 924 certain

283 950 359 998 lands
366 972 373 1010 ς
391 952 435 1000 the
446 952 551 1014 disputo
562 953 660 1015 having
670 953 735 1001 been
753 953 853 1001 carried
872 957 899 1000 to
916 953 960 1000 the
972 967 1044 1015 popo,
1057 952 1109 999 and
1120 953 1156 1015 by
1167 952 1222 1000 him
1291 976 1293 980 >

282 1028 419 1092 delegated
431 1034 459 1077 to
475 1031 575 1079 certain
593 1031 704 1093 bishops,
723 1030 775 1078 and
790 1031 836 1078 the
854 1031 915 1078 trial
935 1029 1025 1092 finelly
1035 1030 1128 1092 taking
1147 1030 1222 1092 pleoe

282 1106 369 1155 before
391 1108 506 1170 bishops,
529 1109 630 1167 abbots,
653 1109 773 1167 deaccns,
796 1109 978 1168 arohdeacons,
1002 1109 1094 1171 priora,
1116 1121 1221 1167 canons,

282 1184 438 1244 constables,
451 1186 553 1246 barone,
565 1187 617 1235 and
629 1185 777 1250 stewards.]

219 1312 400 1391 Roausrus,
429 1313 490 1376 Dei
519 1313 623 1397 gratia
652 1314 857 1377 Eboracensis
893 1313 1151 1397 archiepiscopus,
1187 1317 1222 1376 et

219 1423 380 1487 Robertus
416 1424 569 1488 secundus
605 1424 750 1502 decanus,
787 1430 819 1488 ot
864 1429 971 1488 totum
1016 1422 1221 1487 Eboracensis

217 1532 351 1596 ecclesias
380 1535 565 1619 capitulum,
590 1534 743 1599 universis
773 1535 898 1598 Sancta
928 1533 1045 1598 Matris
1074 1532 1220 1597 Ecclesiae

217 1642 302 1724 filiis,
318 1645 454 1711 sulutem
476 1653 509 1711 et
532 1646 790 1710 benedictionem.
837 1647 889 1710 Ne
914 1645 999 1730 quod
1025 1645 1064 1709 ad
1088 1644 1220 1708 eeclesiae

217 1777 326 1838 pacem
350 1764 534 1841 perpetuam
554 1762 587 1821 et
607 1757 745 1841 quietem
760 1757 813 1840 pia
827 1757 983 1820 bonorum
1009 1754 1220 1820 sollicitudine

217 1874 421 1950 procuratum
436 1873 494 1946 est,
507 1868 610 1932 valeat
623 1868 658 1931 in
673 1874 835 1952 posterum
849 1889 1035 1952 quacunque
1050 1865 1219 1949 cujuslibet

217 1977 461 2058 machinatione,
490 1978 572 2058 dolo,
601 1979 652 2043 vel
687 1978 891 2064 malignitate
928 1977 1071 2055 rescindi,
1102 1978 1219 2061 scripte

216 2089 363 2172 praesenti
376 2089 610 2155 testificandum
624 2096 657 2154 et
666 2097 776 2154 vestrae
791 2088 1089 2154 communicandum
1098 2087 1219 2152 notitiae

217 2199 374 2281 duximus,
393 2200 463 2284 quis
488 2206 653 2286 protraetae
678 2201 870 2286 aliquamdiu
890 2201 973 2263 inter
992 2200 1219 2264 Eboracensem

216 2310 377 2375 eeclesiam
400 2318 434 2376 et
459 2311 687 2379 Gloucestriam
713 2335 807 2396 supra
836 2311 898 2374 hiis
927 2311 1018 2375 terris
1048 2311 1219 2390 But-hone,

217 2422 374 2503 Stanedis,
394 2423 522 2494 Lecche,
544 2424 708 2503 Otintone,
731 2423 947 2488 controversie
972 2422 1044 2486 finis
1064 2421 1217 2487 extiterit.

215 2532 355 2597 Illustris
392 2534 546 2619 siquidem
590 2539 623 2599 et
660 2533 813 2599 carissimi
848 2533 968 2598 domini
998 2533 1098 2597 nostri
1135 2533 1218 2617 regis

214 2642 394 2727 Anglorum
420 2644 552 2709 Henrici
578 2643 717 2722 secundi,
744 2643 959 2728 episcopcrum
983 2642 1080 2707 etiam
1104 2643 1218 2728 quibus

213 2758 281 2818 erat
317 2778 337 2819 a
371 2754 499 2820 domino
535 2778 617 2840 papa
654 2754 795 2818 Adriano
831 2759 945 2839 quarto
981 2775 1082 2817 causae
1117 2753 1216 2836 ipsius

213 2866 355 2950 cognitio
363 2865 518 2950 delegata,
531 2865 663 2931 Roberti
673 2863 818 2928 videlicet
834 2862 1066 2942 Bathoniensis,
1082 2862 1103 2925 J
1105 2862 1216 2927 ocelini

215 2974 468 3056 Saresburiensis,
507 2975 638 3041 Roberti
685 2973 883 3052 Exoniensis,
920 2973 1052 3037 aliorum
1093 2996 1216 3058 quoque

212 3087 421 3172 plurimorum
446 3086 588 3166 consilio,
602 3091 634 3150 et
657 3084 787 3149 monitis
808 3085 1047 3170 acquiescentes,
1062 3084 1216 3168 elegimus

213 3197 337 3263 amicali
363 3199 466 3284 magis
492 3197 717 3283 compositione
743 3219 809 3261 rem
825 3196 923 3273 finire,
940 3219 1035 3281 quem
1051 3197 1084 3260 in
1100 3195 1215 3261 alteru·

212 3310 294 3374 trius
320 3310 419 3394 pertis
443 3332 615 3394 gravamen
641 3307 803 3373 sententiae
818 3307 978 3392 judicialis
993 3308 1143 3392 ambiguo
1158 3308 1215 3373 fini

212 3420 408 3484 submittere.

255 3531 489 3596 Transactionis
513 3531 619 3617 itaque
644 3532 756 3597 modus
779 3532 832 3596 hic
855 3537 914 3596 cst.
959 3530 1097 3595 Ecclesia
1116 3530 1214 3596 Glou·

212 3641 340 3720 cestriae,
356 3642 394 3707 de
409 3642 501 3706 terris
516 3642 591 3727 ipsis
606 3665 676 3727 quae
691 3642 724 3706 in
740 3642 898 3707 calumnia
913 3642 1048 3720 fuerant,
1063 3641 1214 3705 concessit

211 3754 331 3838 viginti
353 3758 488 3837 quatuor
507 3752 637 3819 libratas
659 3753 848 3818 Eboracensi
871 3752 1015 3831 ecclesiae,
1030 3774 1087 3836 pro
1101 3751 1214 3835 quibus

211 3864 299 3929 dedit
328 3863 356 3929 ei
386 3870 489 3929 totam
520 3865 710 3930 Otintouem
735 3886 807 3927 cum
834 3862 1015 3927 hominibus
1042 3863 1096 3945 qui
1121 3861 1154 3923 in
1178 3884 1214 3924 ea

211 3981 303 4039 crant
317 3981 349 4040 et
364 3975 511 4041 omnibus
526 3974 725 4061 pertinentiis
740 3975 814 4053 suis,
831 3981 863 4037 et
877 3975 955 4038 dues
970 3972 1060 4037 hidas
1074 3977 1164 4034 terrae
1179 3971 1214 4033 in

213 4085 388 4151 Cundicote
413 4109 486 4151 cum
512 4085 712 4170 pertinentiis
738 4106 856 4162 eorum,
884 4089 1043 4147 ettotam
1069 4079 1212 4145 Scerdin·

425 4270 433 4303 ¹
452 4272 468 4318 2
480 4269 574 4319 chron.
584 4271 653 4318 Mon.
667 4269 756 4318 Glouc.
770 4269 818 4317 105
829 4268 901 4332 (Rec.
914 4267 1007 4326 Com).
