3000 4972
685 541 792 588 eruar
816 543 838 587 1.
1196 526 1256 589 119

254 691 399 777 quaedam
414 692 490 757 illuc
515 693 746 775 confluxerunt,
761 695 880 759 scilicet
908 693 1086 760 Radbertus
1109 696 1147 762 de
1162 698 1258 782 Brys,

256 803 378 868 Alanus
401 804 439 868 de
464 804 599 883 Percei0,
615 805 779 869 Walterus
805 806 917 890 Espec,
934 807 1037 871 Forno
1060 806 1145 872 filius
1175 807 1256 890 Sig„

256 914 435 980 Radbertus
450 914 489 980 de
504 915 650 994 Wituila,
662 915 807 980 Odardus
818 914 989 983 vicecomes
999 917 1255 1005 Northymbren·

253 1025 337 1089 sium
351 1047 424 1090 cum
439 1025 611 1111 majoribus
633 1026 775 1110 ejusdem
796 1026 976 1106 comitatus,
991 1027 1123 1115 aliisque
1145 1051 1254 1114 quam·

253 1135 368 1219 plures.
413 1137 528 1201 Coram
555 1136 666 1202 horum
696 1136 876 1222 frequentia
904 1160 979 1202 eum
1008 1162 1080 1204 suas
1110 1140 1256 1205 monachi

252 1246 471 1332 depromerent
496 1248 647 1333 querelas,
678 1270 747 1313 ecce
772 1248 955 1314 Hamoldus
980 1250 1018 1315 de
1041 1250 1178 1328 Percei0,
1207 1251 1257 1317 vir

252 1377 367 1440 genere
404 1365 437 1422 et
472 1358 594 1422 divitiis
631 1363 737 1437 notus,
775 1365 808 1424 et
845 1358 880 1423 in
916 1360 1052 1425 veritate
1093 1361 1255 1427 asserenda

252 1474 411 1547 constans,
420 1491 589 1554 exurgens,
604 1469 638 1532 in
658 1469 878 1534 testimonium
904 1469 1051 1535 veritatis
1077 1470 1256 1537 affirmabat

251 1601 357 1643 coram
381 1580 539 1659 omnibus,
554 1587 587 1645 et
602 1579 725 1645 audisse
747 1602 779 1645 se
805 1586 838 1645 et
863 1579 980 1646 vidisse
1005 1581 1130 1646 comitis
1156 1581 1254 1667 posui-

252 1690 387 1754 tentiam
413 1713 506 1775 super
531 1691 614 1756 hanc
637 1690 789 1776 injuriam
804 1714 900 1776 quam
918 1692 1035 1756 Sancto
1060 1692 1253 1757 Cuthberto¹

252 1797 406 1863 violenter
432 1799 636 1882 irrogaverat.
682 1799 777 1879 Cum,
803 1798 920 1884 inquit,
949 1806 1060 1884 captus
1088 1821 1191 1865 comes
1219 1801 1254 1865 in

251 1908 318 1973 loco
333 1932 426 1994 quem
444 1911 562 1975 Sancto
578 1911 756 1976 Cuthberto
778 1910 964 1991 abstulerat,
986 1916 1112 1996 propter
1134 1911 1255 1977 inflicta

251 2019 313 2084 sibi
329 2020 460 2085 vulnera
474 2019 508 2084 in
524 2020 637 2086 feretro
653 2020 777 2086 delatus
793 2026 879 2086 esset
893 2021 1101 2102 Dunelmum‚
1126 2023 1254 2107 rogarit

250 2137 288 2194 ut
317 2131 377 2195 sibi
406 2131 515 2196 liceret
543 2133 583 2196 ad
612 2132 764 2197 orandum
794 2131 956 2198 ecclesiam
986 2132 1113 2198 intrare.
1159 2132 1254 2198 Quod

250 2264 324 2306 cum
350 2240 411 2306 sibi
434 2264 453 2305 a
476 2241 645 2307 baronibus
674 2264 738 2306 non
768 2242 1013 2326 permitteretur,
1045 2241 1079 2306 in
1108 2241 1253 2308 lacrimas

250 2353 415 2431 resolutus,
439 2359 473 2416 et
499 2353 538 2416 ad
564 2353 726 2417 ecclesiam
751 2352 920 2438 respiciens
943 2376 1017 2418 cum
1046 2352 1181 2437 gemitu,
1196 2353 1251 2434 ait,

249 2465 312 2529 “O
330 2466 445 2528 Sancte
461 2463 646 2543 Cuthberte,
658 2463 746 2551 juste
759 2464 817 2527 has
831 2462 1028 2528 calamitates
1050 2462 1164 2547 patior,
1179 2463 1253 2547 quia

261 2598 282 2638 n
298 2580 330 2639 te
345 2574 426 2639 etin
442 2581 514 2639 tuos
528 2575 664 2660 peccavi.
722 2575 800 2639 Haec
816 2580 865 2639 est
880 2579 936 2638 tua
951 2596 1044 2657 super
1058 2596 1161 2638 meam
1176 2574 1251 2639 vitre

250 2686 425 2770 nequitiam
455 2685 608 2750 vindicta.
654 2687 766 2750 Precor
795 2690 828 2748 te
860 2683 977 2748 Sancte
1007 2682 1070 2746 Dei
1106 2682 1251 2748 miserere

248 2797 344 2860 mei.''
390 2797 453 2861 His
482 2796 611 2877 auditis,
635 2819 742 2861 omnes
771 2796 891 2879 injuste
915 2799 1022 2857 actum
1045 2815 1111 2857 esse
1140 2799 1251 2857 contra

249 2907 495 2972 Dunelmensem
541 2905 701 2970 ecclesiam
747 2904 914 2969 dicebant:
952 2907 985 2967 et
1020 2901 1095 2966 licet
1131 2925 1180 2967 res
1215 2902 1250 2967 in

246 3017 394 3103 prasenti
430 3016 548 3101 corrigi
585 3015 774 3101 nequiverit,
813 3019 922 3078 tamen
958 3013 1132 3097 prudenter
1168 3013 1248 3079 hauc

245 3126 458 3212 calumpniam
494 3150 550 3212 pro
587 3126 694 3191 futuro
723 3131 864 3212 tempore
893 3146 999 3189 coram
1028 3128 1079 3189 tot
1107 3123 1248 3190 virorum

247 3239 424 3324 frequentia
439 3238 554 3303 factam
570 3237 757 3302 asserebant.

281 3664 419 3746 [Morus
442 3683 482 3727 or
506 3666 557 3729 Sr.
584 3665 734 3729 Samara
756 3689 785 3729 o.
809 3664 880 3728 'l'ns
904 3662 1024 3727 Kmo's
1047 3661 1208 3727 Taunum.

690 3776 818 3860 1122.]²

242 3919 311 3983 [The
321 3921 448 3983 plaintiffs
466 3923 549 3985 allege
566 3923 626 3972 that
642 3923 688 3973 the
704 3923 860 3973 defendants
876 3922 942 3971 hare
958 3920 1112 3985 nnlawfully
1121 3917 1245 3981 occupied

307 3999 406 4047 carmin
417 3999 447 4047 ol
460 4000 528 4048 their
538 4000 622 4049 lauds.
656 4001 711 4049 Tho
727 4001 792 4062 king
808 3999 898 4048 orders
914 3998 960 4047 the
977 3998 1097 4060 question
1113 4000 1142 4045 to
1158 3997 1191 4043 be
1201 3993 1245 4042 de·

319 4253 327 4284 ¹
346 4255 382 4301 At
395 4254 519 4303 Durham.
683 4253 693 4284 ¹
710 4253 726 4300 2
738 4251 871 4313 Palgrarc,
884 4244 1110 4303 Commouwealth,
1123 4244 1180 4292 188.
