3000 4972
659 576 800 623 vintrau
825 581 846 624 1.
1213 570 1251 630 19

247 756 346 826 verat,
373 757 406 814 et
428 751 511 831 indo,
535 754 731 817 concordiam
755 779 787 819 se
811 757 969 821 facturum
997 782 1069 823 cum
1097 762 1250 847 episcopo,

246 861 487 927 conventionem
512 863 595 930 fecit.
639 866 683 928 Et
705 865 778 930 inde
793 874 869 931 sunt
891 868 1032 950 legitimi
1054 876 1151 936 testes
1167 873 1250 956 apud

246 992 316 1051 noe,
331 973 459 1053 milites,
474 974 615 1040 homines
632 979 754 1041 Sanctae
766 978 889 1056 Maria,
907 989 939 1044 et
955 980 1103 1066 episcopi,
1120 983 1174 1067 qui
1191 984 1249 1048 hoc

245 1083 394 1149 viderunt
409 1091 441 1150 et
456 1086 635 1164 audierunt,
651 1089 752 1172 parati
774 1089 833 1153 hoc
853 1091 985 1174 probare
1001 1114 1056 1176 per
1073 1115 1247 1157 sacramen·

245 1197 314 1257 tum
342 1201 375 1260 ct
406 1196 526 1260 bellum
563 1205 672 1262 contra
707 1199 904 1262 Rannulfum
941 1199 1071 1265 fratrem
1109 1202 1248 1286 ejusdem

246 1304 380 1370 Waltcri
402 1306 536 1387 abbatis,
554 1332 647 1392 quem
672 1309 718 1372 ibi
738 1309 897 1389 viderunt,
918 1312 972 1394 qui
990 1334 1062 1374 cum
1079 1313 1175 1378 fratre
1191 1337 1248 1378 suo

244 1415 373 1481 tenebat
396 1417 475 1481 illud
501 1418 653 1503 placitum
677 1426 786 1483 contra
812 1419 1006 1504 episcopum,
1029 1421 1055 1484 si
1073 1422 1154 1486 hanc
1174 1446 1248 1487 con-

246 1525 426 1592 ventionem
456 1551 571 1613 negare
595 1529 739 1609 voluerit,
764 1530 879 1593 factam
908 1529 992 1594 inter
1014 1531 1194 1615 episcopum
1216 1539 1249 1596 ct

244 1636 401 1702 abbatem.
442 1639 606 1703 Habemus
620 1639 716 1703 ctiam
733 1639 811 1703 sacri
828 1638 948 1703 ordinis
964 1640 1058 1719 viros,
1072 1643 1247 1708 sacerdotes

245 1751 277 1811 ct
292 1747 447 1827 diaconos,
463 1757 588 1833 paratos
603 1748 682 1813 illud
698 1750 852 1813 affirmare
866 1748 984 1832 juditio
1000 1749 1070 1815 Dei.

456 1974 525 2039 [The
536 1976 622 2040 kingfls
633 1979 694 2025 vvrit
706 1977 736 2025 ol
744 1978 881 2025 execution
894 1977 923 2025 of
931 1976 1035 2041 above]

287 2128 469 2193 Willelmus
493 2151 546 2192 rex
567 2129 746 2213 Anglorum
772 2129 814 2194 V.
838 2129 1027 2208 vicecomiti,
1050 2135 1083 2192 et
1107 2128 1247 2194 Osherno

245 2238 310 2303 filio
325 2241 454 2325 Escrop,
470 2247 502 2304 et
526 2240 673 2304 omnibus
690 2240 819 2304 Francis
842 2246 876 2304 et
892 2240 1008 2324 Anglis
1024 2240 1061 2304 de
1078 2240 1245 2305 Wiriceas·

183 2370 189 2379 ·
243 2359 391 2435 troscyre,
438 2352 582 2416 salutem.
632 2352 714 2416 Volo
751 2357 784 2415 et
820 2351 968 2435 precipio,
1009 2357 1047 2414 ut
1084 2350 1247 2435 episcopus

244 2461 447 2526 Wnlfstanus
477 2462 522 2527 ita
552 2462 687 2546 pleniter
717 2461 831 2527 habeat
860 2484 976 2542 socam,
1005 2467 1039 2526 et
1068 2484 1184 2541 sacam,
1214 2468 1247 2527 et

243 2573 380 2654 servitia,
405 2580 438 2638 et
463 2597 573 2639 omnes
597 2575 837 2639 consuetudines
863 2574 902 2638 ad
929 2596 1023 2637 suum
1045 2573 1189 2639 hundred
1214 2581 1248 2640 et

243 2683 283 2746 ad
313 2690 412 2748 terras
450 2707 522 2749 suas
559 2686 762 2770 pertinentes,
793 2685 876 2748 sicut
916 2684 1030 2748 melius
1066 2683 1178 2748 habuit
1215 2684 1248 2748 in

244 2799 385 2877 tempore
400 2796 485 2879 regis
500 2795 668 2875 Edwardi;
701 2795 786 2861 etde
807 2795 899 2859 terris
924 2816 1002 2877 quas
1028 2794 1094 2878 ipse
1120 2793 1247 2858 diratio-

244 2904 366 2969 cinavit
395 2906 541 2970 abbatem
570 2907 609 2972 de
639 2907 815 2971 Eovesham
846 2906 884 2970 de
914 2927 970 2968 suo
1000 2903 1093 2968 feudo
1130 2909 1246 2982 tenere,

244 3014 364 3079 scilicet
376 3015 463 3079 IIII.
475 3015 566 3080 hidas
577 3015 618 3079 ad
628 3014 889 3100 Benninguurde,
898 3021 931 3079 ct
946 3013 1054 3077 domos
1064 3013 1098 3076 in
1108 3013 1246 3092 civitate,

243 3125 391 3210 precipio,
406 3132 452 3205 ut,
469 3126 496 3190 si
510 3127 607 3192 abbas
621 3126 691 3191 illas
715 3126 787 3190 vult
806 3124 928 3204 habere,
946 3124 1007 3189 sibi
1022 3123 1096 3188 inde
1119 3123 1247 3203 serviat,

244 3235 327 3300 sicut
340 3235 395 3300 alii
411 3236 458 3300 sui
475 3237 604 3304 feudati.
632 3239 676 3302 Et
690 3238 728 3302 de
744 3238 817 3300 XV.
834 3236 917 3300 hidis
933 3236 971 3301 de
986 3236 1149 3316 Hantona,
1165 3236 1248 3301 undo

244 3347 406 3432 episcopus
428 3345 662 3412 diratiocinavit
684 3369 798 3427 socam,
815 3351 847 3411 et
868 3345 1010 3430 geldum‚
1027 3350 1061 3409 et
1074 3345 1247 3428 expeditio-

244 3482 328 3538 nem,
360 3463 393 3523 et
424 3465 527 3522 cetera
562 3481 633 3523 mea
669 3458 799 3522 servitia
835 3457 875 3521 ad
912 3478 1005 3521 suum
1036 3456 1191 3535 hundred,
1214 3462 1247 3521 ct

246 3570 440 3648 oirichesoot‚
469 3574 502 3633 ct
532 3567 727 3653 sepulturam
757 3568 798 3631 ad
827 3589 916 3631 suam
942 3567 1052 3631 villam
1082 3567 1249 3650 pertinere,

243 3679 391 3763 precipio,
407 3702 446 3744 ne
461 3679 546 3743 ullus
561 3678 590 3743 ei
605 3683 715 3743 contra
729 3683 847 3756 teneat,
862 3677 915 3740 sed
931 3675 974 3740 sic
998 3674 1117 3739 habeat
1143 3676 1250 3739 omnia

243 3790 281 3853 de
304 3789 368 3853 illis
393 3790 433 3854 ad
460 3812 566 3854 meum
591 3811 669 3872 opus
692 3793 725 3852 et
749 3810 854 3866 suum,
869 3786 953 3852 sicut
978 3808 1082 3850 coram
1099 3785 1247 3850 Gcssrido

243 3900 396 3984 episcopo,
411 3906 444 3964 ct
467 3922 571 3965 coram
599 3898 698 3978 vobis,
725 3896 895 3962 secundum
923 3918 1029 3960 meum
1055 3902 1248 3979 preceptum,

242 4015 381 4074 testante
408 4009 642 4088 vicecomitatu,
666 4007 925 4073 diratiocinatum
957 4012 989 4070 ct
1014 4006 1159 4090 juratum
1191 4013 1251 4083 cst,

242 4126 322 4185 teste
337 4119 405 4203 ipso
427 4119 573 4186 Gosfrido
589 4116 733 4204 episcopo
749 4125 783 4184 et
803 4116 844 4183 R.
861 4119 899 4181 dc
917 4115 1049 4180 Ivercio.

714 4378 775 4438 02
