3000 4972
241 543 304 604 248
377 566 381 575 ¹
487 560 619 604 canoras
641 559 987 603 sacac-nonusnnrcr.

246 739 364 822 [Paron
379 757 418 799 or
437 738 603 801 Hoserrsn
618 757 658 800 or
675 737 696 799 J
698 756 866 800 auussnmr
882 759 908 801 o.
925 738 1038 800 Aeaea
1056 736 1224 820 Haecin]
1244 739 1252 771 ¹

243 883 356 948 [Record
368 885 397 932 os
404 855 576 946 composition
588 884 617 933 ot
625 900 642 931 a
652 885 784 945 litigation
796 885 951 946 concaming
962 887 1086 947 property
1097 883 1124 930 in
1136 883 1183 931 the
1190 897 1253 944 pos·

352 963 451 1010 session
463 962 492 1010 ot
501 963 545 1009 the
556 961 704 1020 defendant,
717 961 768 1009 and
780 961 887 1009 claimed
900 961 935 1024 by
946 962 991 1010 the
1002 958 1137 1024 planca]

245 1087 440 1165 Hmmarus,
457 1086 517 1150 Dei
542 1086 646 1170 gratia
664 1086 876 1171 Cycestrensis
904 1087 1075 1171 episcopus,
1101 1087 1253 1151 omnibus

245 1199 361 1262 Matris
392 1198 538 1262 Ecclesia
569 1198 641 1261 filiis
674 1199 712 1261 ad
745 1221 822 1282 quos
852 1205 939 1263 carta
971 1198 1033 1262 ista
1063 1199 1253 1283 pervenerit,

245 1310 387 1374 salutern.
443 1310 560 1373 Nullus
577 1310 637 1373 erit
654 1309 758 1373 litium
776 1309 847 1373 finis
863 1309 889 1372 si
905 1332 952 1373 res
968 1309 1061 1375 semel
1079 1309 1254 1374 terminata

244 1428 326 1485 recte
343 1420 463 1484 iteratis
480 1420 740 1504 refragationibus
756 1420 964 1504 perturbetur.
982 1422 1079 1504 ¹Papa
1094 1419 1252 1504 siquidem

246 1532 425 1596 Alexander
449 1555 669 1616 causamque
695 1531 778 1596 inter
804 1531 1027 1596 monasterium
1052 1531 1136 1596 beati
1165 1533 1252 1596 Petri

248 1643 449 1707 Gloneestriae
485 1650 517 1707 et
561 1643 747 1728 hospitalem
790 1642 918 1706 domum
957 1641 1251 1706 Jerosolomitanam

245 1776 337 1836 super·
351 1753 479 1817 ecelesia
495 1753 695 1818 Qucnintone
707 1752 897 1832 vertebatur,
908 1752 985 1815 mihi
1001 1752 1252 1837 cognoscendam

246 1863 536 1946 terminandamque
553 1862 722 1948 delegavit.

292 1976 394 2037 Causa
424 1979 529 2037 autern
559 1975 624 2038 haec
653 1981 729 2039 erat.
775 1974 884 2038 Abbas
913 1980 946 2039 et
976 1973 1121 2038 monachi
1152 1972 1252 2058 ipsius

247 2084 425 2147 monasterii
464 2084 566 2167 quiete
597 2093 629 2149 et
661 2086 728 2149 sine
759 2085 892 2168 alicujus
924 2084 1141 2149 reclamatione
1171 2086 1252 2150 duas

245 2195 358 2277 garbas
375 2195 563 2258 decimarum
578 2195 720 2274 dominii,
742 2203 774 2260 et
798 2220 894 2260 unam
919 2195 1074 2279 virgatam
1101 2203 1190 2260 terne
1216 2196 1251 2259 in

246 2305 352 2368 eadem
371 2305 445 2368 villa
472 2305 683 2389 possidebant.
728 2307 899 2371 Ecclesiam
924 2331 1045 2392 quoque
1069 2306 1165 2391 ipsius
1190 2307 1251 2371 loci

246 2440 317 2479 curn
334 2417 397 2478 suis
413 2416 611 2500 pertinentiis
626 2417 805 2481 asserebant
830 2419 913 2503 prior
927 2426 960 2482 et
975 2418 1084 2483 fratres
1110 2418 1251 2503 praedicti

248 2528 411 2612 hospitalis
445 2551 495 2592 eos
532 2528 651 2611 injuste
681 2551 857 2613 occupasse,
886 2536 919 2595 et
948 2536 1057 2594 eontra
1092 2529 1250 2613 justitiam

246 2639 394 2704 detinere.
440 2640 515 2703 Post
547 2639 665 2702 multas
696 2640 800 2724 itaque
830 2639 904 2704 hinc
934 2640 1006 2704 inde
1037 2639 1251 2724 allegationes,

246 2752 488 2816 controversiam
513 2751 624 2835 ipsam,
650 2751 811 2836 utriusque
833 2751 932 2836 partis
956 2775 1092 2830 assensu,
1107 2751 1141 2815 in
1165 2752 1251 2816 hunc

247 2864 374 2926 modum
406 2863 527 2927 amicali
559 2862 782 2946 compositione
813 2862 1061 2927 terminavimus.
1117 2861 1250 2926 Praefata

247 2975 358 3038 domus
389 2973 552 3058 hospitalis
584 2973 706 3038 tenebit
734 2973 800 3056 jam
836 2975 950 3038 dictam
983 2973 1142 3038 ecclesiam
1177 2996 1250 3037 eum

246 3085 367 3149 duabus
390 3086 497 3168 garbis
521 3085 653 3149 dominii
677 3093 708 3150 et
732 3086 857 3168 virgata
884 3091 973 3150 terrae
1003 3085 1035 3149 in
1065 3092 1248 3170 perpetuum

247 3195 374 3258 nornine
389 3196 580 3274 monasterii,
595 3203 626 3260 et
652 3195 679 3259 ei
707 3196 872 3259 annuatim
892 3195 966 3260 inde
987 3197 1113 3261 nomine
1139 3219 1250 3262 census

247 3304 324 3367 duas
350 3327 468 3367 mareas
492 3305 617 3388 argenti
641 3306 806 3389 persolvet.
852 3307 1078 3369 Verumtamen
1106 3306 1250 3372 veniente

248 3413 386 3476 Roberto
413 3414 534 3491 clerieo,
560 3438 642 3478 nunc
673 3417 813 3498 ejusdem
843 3416 979 3480 eeclesiae
1001 3439 1143 3501 persona,
1168 3417 1251 3501 prior

247 3522 421 3605 hospitalia,
443 3523 498 3606 qni
522 3548 576 3606 pro
601 3533 742 3609 tempore
765 3527 837 3600 fuit,
858 3550 955 3590 unam
972 3527 1136 3591 dimidiam
1159 3530 1250 3592 dum·

246 3639 336 3696 taxat
350 3656 489 3696 marcam
505 3635 629 3718 argenti
644 3636 808 3699 annuatim
825 3638 1013 3701 monasterio
1029 3638 1140 3719 solvet,
1156 3662 1249 3724 quam

247 3768 265 3807 a
296 3742 435 3807 Roberto
471 3745 637 3808 annuatim
670 3745 829 3829 percipiet,
861 3747 940 3810 nihil
960 3744 1105 3832 ‘amplius
1138 3751 1178 3814 ab
1215 3774 1251 3815 eo

247 3855 372 3919 nomine
404 3855 539 3918 eeclesiae
573 3857 620 3920 vel
652 3858 836 3941 supradictae
866 3860 996 3922 decimae.
1024 3861 1090 3925 sive
1119 3861 1251 3945 virgatae

246 3974 336 4031 terrae
351 3967 515 4051 petiturus.
564 3969 655 4033 Quod
674 3970 700 4030 si
717 3970 826 4033 domus
843 3971 1006 4055 hospitalis
1023 3972 1096 4036 huic
1112 3979 1251 4037 transac-

245 4079 326 4143 tioni
349 4102 411 4141 non
433 4080 566 4158 steterit,
589 4081 776 4144 monasterio
797 4081 904 4145 licebit
921 4083 1055 4145 eeclesiae
1072 4090 1104 4147 et
1119 4084 1249 4146 aliorum

463 4268 470 4300 ¹
491 4267 506 4312 2
519 4266 614 4314 Chron.
626 4266 695 4314 Itlon.
709 4266 798 4314 Glauc.
811 4267 843 4314 93
856 4267 927 4320 (Rec.
939 4266 1031 4322 Com).
