3000 4972
645 541 753 586 acuar
777 542 814 587 11.
1173 525 1233 589 187

230 693 335 777 aliquo
356 693 501 777 deinceps
526 693 644 778 injuste
662 717 754 779 super
777 696 885 759 eadem
906 695 1059 780 fatigetur
1079 694 1139 761 sub
1160 718 1234 759 ana·

231 805 370 869 themate
385 805 595 888 prohibemus.

467 963 601 1030 [Another
612 968 792 1016 confirmation
802 969 838 1031 by
850 968 996 1033 nicholae]

274 1083 457 1162 Nieholaus,
473 1083 534 1147 Dei
544 1084 648 1167 gratia
659 1084 873 1148 Laudavensis
885 1085 1058 1168 episcopus,
1080 1085 1233 1150 universis

233 1195 356 1258 Sanctae
381 1195 526 1258 Ecclesia
555 1195 710 1272 fidelihus,
741 1195 875 1258 salutem
904 1203 937 1260 et
966 1196 1166 1261 dilectionem
1197 1197 1233 1261 in

231 1306 378 1370 Domino,
424 1305 518 1370 Quod
544 1329 563 1369 a
587 1306 756 1389 majoribus
782 1306 908 1384 nostris,
925 1307 1046 1371 ratione
1061 1314 1093 1371 ct
1104 1308 1233 1390 justitia

230 1416 380 1494 dictante,
396 1417 608 1480 constitutum
633 1423 692 1494 est,
710 1417 768 1480 hoe
792 1417 905 1480 merito
930 1425 1035 1480 ratum
1063 1418 1176 1481 habere
1203 1424 1235 1483 et

230 1527 412 1592 confirmare
437 1528 594 1591 debemus.
642 1527 737 1591 Unde
761 1534 810 1591 est
836 1528 919 1610 quod
944 1529 1106 1592 ecelesiam
1124 1530 1234 1594 Sancti

232 1638 370 1702 Gundlei
407 1638 444 1702 de
483 1639 576 1702 Novo
614 1639 735 1722 Burg0,
769 1638 902 1703 ecclesia
941 1640 1031 1702 Beati
1068 1638 1156 1704 Petri
1194 1639 1234 1704 de

232 1750 427 1814 Gloueestria
443 1773 462 1813 a
476 1749 604 1812 domino
620 1755 651 1813 et
666 1755 755 1832 patre
771 1755 878 1813 nostro
894 1748 1071 1814 Tlreobaldo
1089 1751 1232 1814 Cantua·

231 1860 326 1924 riensi
351 1859 580 1943 archiepiscopo
607 1860 829 1943 adjudicatam,
856 1883 928 1923 cum
958 1860 1105 1924 omnibus
1135 1861 1234 1945 perti-

231 1971 348 2035 nentiis
371 1970 445 2047 suis,
462 1976 617 2053 quantum
641 1969 680 2032 ad
706 1992 763 2033 nos
788 1976 919 2053 spectat,
935 1971 1143 2035 concedimus,
1188 1974 1232 2037 Et

232 2091 269 2145 ut
294 2081 450 2164 judicium
475 2082 543 2158 hoc,
559 2081 609 2143 cui
632 2080 845 2158 interfuimus,
861 2088 893 2145 et
909 2087 993 2145 recto
1008 2082 1089 2164 juris
1105 2082 1232 2147 tramite

231 2193 353 2256 factum
390 2215 455 2256 esse
492 2214 555 2254 non
592 2191 796 2275 ambigimus
835 2191 994 2255 illibatum
1039 2201 1234 2277 permaneat,

231 2311 436 2368 memoratam
462 2303 623 2367 eeclesiam
650 2304 759 2366 Sancti
788 2303 927 2368 Gundlei
957 2303 1092 2368 ecelesiae
1125 2305 1234 2369 Sancti

232 2415 330 2492 Petri,
346 2421 378 2477 et
395 2413 565 2477 Hameliuo
575 2413 683 2477 abbati
699 2421 731 2477 et
747 2413 908 2477 monachis
920 2414 1126 2479 Gloueestriar
1136 2415 1236 2499 sigilli

232 2524 332 2587 nostri
348 2523 524 2586 munimine
539 2523 771 2586 confirmamus.
816 2524 848 2584 V
849 2522 938 2587 aletc.

267 2695 333 2760 [The
352 2697 483 2758 following
499 2697 579 2745 letter
597 2696 627 2743 ol
641 2696 763 2744 Nicholas
782 2712 893 2758 appears
912 2702 940 2745 to
956 2698 1037 2746 relate
1056 2704 1084 2746 to
1102 2699 1146 2746 the
1165 2715 1236 2749 same

232 2775 364 2837 litigation
376 2772 442 2837 :-]¹

276 2891 457 2955 Venerabili
485 2891 613 2954 domino
638 2898 669 2955 ot
693 2893 775 2974 patri
802 2915 858 2956 suo
874 2892 1032 2955 carissimo
1048 2892 1235 2972 TlreobaldO,

234 3002 454 3067 Cantuarieusi
465 3002 525 3065 Dei
538 3001 641 3085 gratia
654 3001 893 3085 archiepiscopo,
904 3002 1082 3084 Anglorum
1095 3003 1235 3085 primati,

234 3120 265 3177 et
302 3112 493 3195 Apostolieau
533 3112 620 3176 Sedis
658 3112 775 3195 legato,
805 3112 989 3190 NicliolauS,
1020 3113 1235 3178 landavensis

234 3223 369 3287 ecclesian
396 3223 550 3301 minister,
568 3222 701 3286 salutem
726 3229 758 3285 et
785 3222 925 3286 debitam
952 3247 1023 3286 eum
1039 3224 1126 3287 omni
1142 3224 1235 3290 devo-

234 3334 320 3398 tione
335 3334 555 3397 obedicutiam.
584 3333 720 3397 Noverit
735 3333 909 3416 paternitas
926 3341 1029 3398 vestra
1045 3336 1066 3397 J
1069 3335 1221 3399 ohannem
1227 3385 1235 3415 ,

237 3446 482 3523 Dunen'aldurn,
512 3450 545 3508 et
576 3444 742 3528 Ugauum,
768 3444 978 3523 Gileberlum,
1008 3452 1040 3509 et
1071 3445 1233 3526 Jacobum,

236 3557 400 3639 Uganum,
427 3563 460 3619 et
487 3555 618 3632 Ruelen,
644 3578 722 3638 quos
747 3554 843 3618 abbas
870 3556 1071 3620 Glorreestriae
1095 3556 1128 3619 in
1143 3579 1236 3620 eausa

235 3688 328 3748 super
353 3666 481 3730 eeclesia
507 3666 544 3729 de
569 3667 663 3730 Novo
691 3668 802 3748 Burgo
826 3673 921 3730 testes
945 3667 1093 3751 produxit
1108 3668 1142 3730 in
1157 3690 1234 3751 prar-

235 3775 336 3837 sentia
352 3784 469 3854 nostra,
483 3776 559 3839 boni
582 3776 754 3839 testimonii
771 3777 864 3853 viros,
881 3785 912 3840 et
927 3778 1235 3860 comprovincialium

235 3907 363 3948 suorum
385 3886 503 3969 judicio
519 3886 597 3950 tales
619 3887 753 3969 assequi
769 3886 879 3949 merito
895 3886 1029 3949 debeant
1044 3887 1076 3949 in
1093 3887 1234 3950 testimo·

236 3996 325 4058 nium
342 3995 486 4059 veritatis
500 3996 639 4073 admitti,
655 3996 808 4078 siquidem
825 4001 960 4078 quatuor
974 4018 1012 4058 ex
1024 3995 1099 4079 ipsis
1115 3995 1234 4059 lohan-

236 4131 309 4171 nem
334 4105 462 4184 scilieet,
478 4111 509 4169 ct
537 4105 780 4182 Dunen'aldum,
797 4105 1054 4182 Gilehertun1,et
1071 4106 1234 4188 Uganum,

470 4267 477 4298 ¹
497 4267 588 4314 Cluuu.
603 4266 670 4313 hlou.
685 4265 773 4313 Glouc.
782 4267 813 4314 56
825 4265 896 4326 (Rue.
909 4264 999 4325 Cana).
