3000 4972
287 522 348 585 190
533 545 666 589 rnrorrr
690 546 1037 592 suono-nornrnnnrcr.

283 699 393 758 tonam
429 717 502 759 cum
539 696 720 760 hominibus
749 699 804 781 qui
834 699 868 761 in
897 722 933 763 ca
961 708 1051 765 erant
1080 706 1113 765 ct
1142 697 1288 765 omnibus

283 803 484 885 pertinentiis
509 807 573 869 suis
603 809 636 871 in
667 810 773 872 eadem
797 810 986 874 Eboracensi
1017 811 1154 891 ccclesia,
1184 836 1203 876 a
1231 813 1287 876 lite

283 937 378 998 quam
415 918 561 982 adversus
600 920 869 985 Gloucestrensem
911 923 1072 986 ecelesiam
1108 924 1287 1002 intendant,

283 1028 410 1092 omnino
425 1030 578 1095 recedent.
603 1032 740 1095 Ecclesia
755 1055 827 1096 vcro
843 1033 1056 1111 Eboracensis,
1073 1035 1106 1097 in
1122 1035 1286 1118 prasentia

283 1141 366 1223 regis
381 1149 413 1205 ct
427 1142 527 1206 totius
551 1143 642 1206 curiae
667 1143 765 1227 ipsius
791 1142 963 1222 audientia,
978 1144 1141 1208 calumniae
1167 1150 1199 1209 et
1221 1145 1286 1229 juri

282 1249 385 1334 siquid
415 1252 551 1317 habebat
582 1253 615 1316 in
647 1254 815 1329 Berthone‚
833 1255 989 1334 StanediS,
1013 1262 1046 1319 et
1075 1256 1204 1334 Lecche,
1220 1256 1285 1319 sive

282 1362 430 1425 membris
445 1385 551 1427 earum
567 1368 599 1427 et
615 1365 807 1448 appendiciis
817 1367 962 1429 omnibus
978 1372 1072 1450 atque
1087 1366 1284 1450 pertinentiis

281 1480 393 1557 praeter
428 1482 727 1559 supramemoratam
766 1477 997 1552 Serdintonam,
1021 1479 1061 1540 in
1099 1484 1282 1563 perpetuum

281 1585 481 1649 renunciavit
496 1609 534 1650 ex
550 1592 629 1664 toto,
645 1587 691 1649 ita
706 1586 857 1650 nimirum
874 1589 957 1671 quod
973 1612 1135 1672 nunquam
1158 1590 1199 1653 ab
1225 1591 1283 1653 hac

282 1695 427 1781 deinceps
450 1698 676 1781 compositione
700 1698 834 1777 resiliet3
857 1722 957 1782 neque
980 1722 1035 1783 per
1059 1723 1101 1778 se,
1117 1724 1215 1784 nequo
1229 1724 1284 1784 per

280 1806 379 1871 olium
403 1808 517 1871 futuris
541 1808 733 1894 temporibus
761 1809 1009 1874 Glouoestrensis
1034 1811 1167 1875 ecelesiae
1192 1834 1284 1896 super

280 1920 342 1983 hiis
357 1942 425 2003 qua
440 1920 640 2004 praediximus
656 1919 752 1983 ullam
777 1921 905 1984 omnino
921 1921 1107 2001 molestiam,
1123 1922 1281 2006 inquietu-

279 2031 397 2108 dinem,
413 2030 461 2093 vcl
476 2031 721 2095 controversiam
737 2031 913 2095 suscitabit.

326 2142 404 2204 Haeo
418 2148 525 2205 autem
540 2141 624 2205 fucta
639 2143 767 2206 fuerunt
791 2165 873 2206 anno
890 2142 1064 2206 Dominieae
1087 2144 1282 2208 lucarnatio·

279 2252 329 2314 nis
359 2251 524 2316 millesimo
554 2253 724 2316 contesimo
754 2252 1015 2336 quinquagesimo
1044 2254 1187 2338 septimo,
1211 2254 1282 2317 idus

279 2363 471 2441 Decembris
501 2363 586 2446 apud
624 2363 863 2441 Gloucestriarn,
894 2364 952 2427 sub
989 2364 1164 2448 praesentia,
1198 2364 1281 2429 sicut

278 2472 401 2538 dictum
430 2479 487 2550 est,
519 2473 603 2558 regis
632 2479 664 2537 et
701 2497 809 2537 eorum
839 2496 916 2558 quos
945 2475 1281 2558 supramemoravimus

279 2585 503 2670 episcoporum,
532 2584 714 2672 testimonio
745 2585 842 2648 etiam
879 2586 1105 2650 venerabilium
1143 2585 1280 2650 virorum

281 2696 433 2761 Gilcberti
461 2695 704 2774 HercfordcnsiS,
720 2694 870 2759 Nieholui
884 2695 1099 2759 Landavensis
1123 2696 1280 2782 episcopo-

278 2832 359 2888 rum,
372 2809 499 2893 Regerii
511 2806 727 2886 l‘eokesbiriae,
739 2806 909 2888 Reginaldi
920 2808 1123 2887 Persoreusis,
1136 2808 1280 2872 Gervasii

279 2920 614 3005 Wynohecumbensis,
652 2917 822 3000 Reginaldi
859 2918 1071 3001 Radingensis
1119 2920 1279 2993 abbatum,

280 3032 407 3096 Radulfi
447 3031 690 3108 IlerefordcnsiS‚
719 3013 841 3094 Yvonis
879 3029 1044 3092 Wellensis
1081 3030 1278 3109 decanorum,

279 3142 397 3227 Rogcri
422 3143 460 3207 dc
484 3143 689 3220 Ramesbiria,
707 3141 838 3205 Jordaui
867 3141 1100 3205 saresbiriensis
1125 3143 1278 3207 archidia-

277 3275 438 3333 conorum,
462 3255 549 3318 Petri
580 3251 812 3330 Batlroniensis,
840 3252 977 3316 Walteri
1007 3253 1278 3317 Abbendoniensis

277 3364 427 3447 priorum,
460 3365 610 3445 Hugonis
639 3364 677 3427 de
708 3362 865 3440 Clifforde,
897 3362 1043 3426 Gaufridi
1067 3364 1105 3427 de
1129 3362 1278 3428 Clifforde

276 3473 497 3537 canonicorum
526 3473 728 3550 llerelordiae,
746 3471 872 3536 Radulfi
899 3473 1039 3556 Anglici,
1059 3472 1145 3537 Petri
1171 3472 1277 3537 fratris

276 3584 411 3669 episcopi
426 3583 623 3661 Exoniensis,
640 3582 862 3646 canonicorum
878 3584 1017 3661 Exoniae,
1035 3585 1165 3648 Roberti
1181 3586 1277 3649 comi·

275 3695 319 3759 tis
344 3694 570 3778 Ligrceestriae,
595 3692 725 3756 Patricii
741 3691 866 3756 comitis
883 3695 1129 3776 Saresbiriensis,
1148 3696 1278 3760 Hernici

275 3806 314 3871 de
346 3808 465 3870 Excssa
501 3804 725 3870 constabularii
755 3805 848 3888 regie,
880 3806 1045 3869 Humfridi
1073 3807 1112 3870 de
1150 3807 1277 3885 Bohun,

277 3917 404 3982 Ricardi
441 3916 479 3981 de
515 3917 615 4000 Luoy,
655 3914 783 3978 Rieardi
820 3914 858 3978 dc
899 3917 1035 3994 Humez,
1067 3916 1198 3980 Henrici
1238 3918 1277 3981 de

276 4029 489 4108 Pontefracto,
514 4026 649 4090 Walteri
675 4026 713 4089 de
738 4026 933 4103 Herefordia,
949 4028 1002 4091 W.
1018 4027 1056 4090 (10
1072 4027 1276 4111 Bellicampo,

275 4140 430 4205 Willelmi
444 4140 503 4203 filii
518 4141 539 4202 J
542 4138 684 4215 ohannis,
693 4136 825 4200 Hearici
841 4137 879 4199 de
889 4135 986 4222 Oilly,
1000 4137 1111 4221 Hclyae
1129 4139 1275 4217 Giffardi,

273 4256 306 4313 ct
332 4252 432 4315 Heliae
456 4251 513 4314 filii
539 4251 616 4334 ejus,
643 4247 759 4333 Rogeri
782 4248 820 4312 dc
836 4247 998 4331 Berkelay,
1013 4249 1167 4314 baronum
1182 4249 1274 4333 rogis,
