3000 4972
606 589 759 635 sunuunu.
1133 575 1192 637 149

393 765 525 852 [Annii
546 785 587 831 on
608 769 799 832 Aniuunou.
845 768 929 831 1144
942 768 988 851 ?]¹

189 897 257 963 [The
268 899 355 965 king's
365 905 444 965 grant
455 902 507 951 und
523 903 585 952 writ
601 903 733 965 directing
749 903 810 1044 thfft
820 902 866 951 the
885 904 1004 965 plaintiff
1018 904 1079 954 hold
1090 905 1191 954 certain

578 981 640 1028 lund
652 981 679 1028 in
690 995 776 1042 penus.

189 1093 391 1174 Sinrflfflus,
415 1117 469 1159 rex
492 1095 631 1179 Angliae,
647 1095 809 1158 Willelmo
833 1093 961 1173 Maitel,
985 1099 1019 1159 et
1041 1094 1188 1158 omnibus

186 1203 330 1268 fidelibus
352 1205 428 1282 suis,
445 1207 574 1270 Francis
596 1213 630 1271 et
650 1206 779 1290 Anglis,
794 1205 939 1270 salutem.
984 1204 1100 1270 Sciatis
1114 1205 1189 1290 quia

185 1314 307 1378 reddidi
328 1322 362 1380 et
384 1319 522 1382 concessi
543 1317 623 1398 Deo,
637 1322 669 1382 et
688 1316 822 1382 abbatiae
844 1321 877 1380 et
891 1317 1052 1381 monachis
1066 1317 1105 1381 de
1119 1317 1187 1381 Ab·

185 1424 352 1504 bendonia,
367 1432 484 1491 terram
507 1450 598 1492 suam
621 1428 659 1491 de
675 1426 852 1509 Wisselega
873 1435 907 1491 et
928 1426 967 1490 de
982 1426 1187 1504 Winkefeld3

185 1541 218 1600 et
233 1542 315 1600 terra
330 1537 395 1615 illa,
411 1545 444 1604 et
466 1561 575 1603 omnes
590 1539 659 1603 aliae
680 1545 772 1603 terrae
787 1560 861 1616 suae,
876 1545 909 1601 et
924 1558 1033 1600 omnes
1048 1559 1096 1602 res
1112 1561 1186 1617 suae,

184 1653 261 1711 sunt
282 1648 316 1711 in
340 1672 409 1714 meu
431 1650 535 1715 tutela
548 1656 581 1714 et
604 1648 809 1734 protectione.
855 1648 961 1713 Quare
976 1648 1047 1712 volo
1061 1654 1095 1712 et
1109 1671 1188 1733 prae-

183 1759 264 1843 cipio
290 1760 376 1844 quod
398 1762 466 1826 sint
484 1762 573 1839 bene,
601 1767 633 1826 et
658 1762 692 1825 in
715 1783 801 1846 pase,
822 1759 869 1824 ita
891 1761 1117 1844 nequisquam
1143 1761 1188 1827 eis

184 1870 367 1950 forisfaciat,
391 1873 635 1958 necquicquam
657 1871 730 1937 inde
752 1871 867 1956 cupiat.
912 1871 996 1936 Quia
1010 1871 1081 1935 volo
1103 1872 1187 1956 quod

183 2005 293 2046 omnes
301 2005 350 2046 res
359 2006 422 2048 suae
434 1984 554 2049 sintita
566 1984 642 2049 bene
656 1983 819 2048 custoditae
830 1981 913 2047 sicut
924 2003 1000 2045 meae
1011 1981 1185 2060 dominieae,

183 2092 218 2155 in
254 2092 400 2157 omnibus
436 2094 539 2160 rebus.
583 2097 675 2160 Teste
708 2093 813 2158 Adam
849 2093 888 2157 de
926 2091 1056 2168 Belni03
1101 2092 1186 2176 apud

184 2203 374 2269 Oxeneford.

400 2837 525 2921 [Annon
546 2853 586 2899 os
609 2835 795 2898 Amuunou.
843 2835 926 2896 1144
935 2834 981 2918 ?]²

183 2999 252 3065 [The
271 2999 356 3064 kings
372 2999 434 3048 urit
451 2998 580 3060 directing
596 2996 655 3046 that
672 2996 718 3045 thu
734 2996 832 3046 uburoh
849 2996 880 3044 ot*
894 2997 933 3047 St.
945 2997 1020 3060 Mury
1037 2997 1069 3045 be
1080 3000 1185 3059 exempt

443 3077 511 3126 from
523 3077 579 3136 toll,
591 3089 709 3138 passage,
721 3075 773 3124 und
784 3073 921 3139 eustoms]

184 3218 387 3293 Snunniuus,
412 3238 467 3279 rex
492 3214 629 3298 Angliae,
645 3212 795 3298 justiciis,
820 3219 854 3278 et
877 3212 1126 3293 vicecomitibus,
1153 3221 1186 3279 et

180 3326 359 3403 baronibus,
375 3331 408 3391 et
423 3323 570 3388 omnibus
585 3323 761 3398 ministris,
772 3331 805 3387 et
819 3323 965 3388 fidelibus
980 3322 1045 3387 suis
1057 3324 1184 3409 Angliae

179 3443 212 3503 et
228 3444 379 3523 portuum
398 3434 505 3513 maris,
521 3434 666 3499 salutem.
711 3434 862 3518 Praecipio
883 3433 966 3518 quod
990 3439 1094 3498 totum
1117 3458 1183 3500 eor-

180 3550 312 3627 redium,
345 3552 377 3612 et
404 3568 512 3611 omnes
532 3567 581 3609 res
604 3543 727 3609 abbatis
752 3550 785 3609 et
805 3545 1033 3609 monachorum
1059 3546 1183 3612 Sauctae

179 3661 292 3725 Mariae
302 3661 341 3724 de
356 3655 574 3735 Abbendoniu,
584 3679 661 3740 quus
675 3656 819 3719 homines
835 3655 884 3719 sui
898 3655 1095 3721 affidaverint
1110 3681 1182 3722 suas

177 3794 244 3837 esse
266 3769 417 3856 proprias,
438 3768 504 3832 sint
523 3767 637 3852 quietae
660 3766 699 3830 de
723 3766 878 3846 thelone0,
904 3773 936 3830 et
962 3767 1124 3851 pasnagio,
1149 3776 1181 3833 et

178 3883 266 3948 omni
290 3879 525 3959 consuetudine,
548 3901 588 3943 ne
614 3900 706 3962 super
729 3878 794 3969 husu
816 3878 935 3962 injuste
950 3878 1179 3959 disturbentur,

176 4018 270 4080 super
283 3994 326 4058 X.
342 3992 438 4056 libras
453 3990 668 4055 forisfacturas.
713 3988 859 4052 'Pestibus
874 3987 1035 4052 Willelmo
1050 3988 1088 4052 de
1105 3991 1179 4073 Ipra

175 4114 208 4171 et
226 4105 359 4171 Ricardo
374 4103 412 4168 de
428 4102 518 4167 Luci.

256 4279 838 4348 ¹2flbt.b10n.Abingd.182(Re'e.eoru).
1044 4281 1112 4330 ²Ib.
