3000 4972
659 569 801 612 uranum
825 570 848 614 1.
1214 552 1253 613 13

284 780 410 861 [Aaaor
434 781 599 845 Soormun
621 804 651 846 o.
676 782 869 861 Heumann
893 782 1045 846 Suamrr.
1093 777 1215 864 1076.]¹

249 951 331 1016 [Writ
342 954 373 1002 os
380 955 425 1002 the
436 953 499 1016 king
508 954 691 1019 commanding
707 955 814 1005 reseisin
825 956 856 1005 of
868 956 944 1005 landa
961 960 989 1005 to
1008 957 1040 1005 hc
1062 956 1139 1018 given
1161 959 1189 1005 to
1206 956 1252 1006 the

312 1032 409 1081 ohuroh
420 1033 449 1080 of
461 1033 500 1081 St.
512 1033 666 1095 Augustino,
679 1034 708 1083 of
714 1035 798 1083 which
810 1035 832 1083 it
843 1035 895 1084 had
906 1037 971 1084 been
982 1035 1100 1098 unjustly
1112 1035 1252 1097 deprived3

311 1109 431 1158 followed
447 1110 483 1173 by
495 1125 510 1157 a
527 1115 607 1173 grant
619 1111 649 1158 ol
662 1111 811 1175 (probably)
824 1113 868 1160 tha
885 1127 956 1161 same
968 1113 1043 1162 lande
1055 1113 1091 1176 by
1102 1112 1148 1162 the
1157 1113 1251 1174 bishop

311 1187 342 1235 of
351 1188 464 1250 Ravana,
476 1188 541 1235 with
552 1187 598 1236 the
608 1189 694 1250 king'a
705 1186 824 1252 ticenae]

247 1324 463 1404 Wuuusuus,
501 1325 563 1389 Dei
599 1325 705 1410 gratia
741 1349 798 1391 rex
843 1326 1033 1411 Anglorum,
1072 1327 1248 1391 Lanfranco

246 1437 477 1520 archiepiscopo
504 1436 725 1502 Cantuariensi
751 1444 785 1502 et
812 1437 982 1502 Godefrido
1004 1437 1148 1522 episcopo
1164 1438 1248 1501 Con-

245 1547 457 1622 stantiniensi,
483 1553 516 1612 et
539 1548 676 1613 Roberto
703 1548 813 1613 comiti
838 1548 876 1612 de
904 1549 966 1626 Ou,
989 1553 1023 1612 et
1048 1547 1182 1630 Hugoni
1211 1548 1250 1612 de

246 1658 448 1736 Monteforti,
463 1659 589 1744 suisque
610 1658 681 1723 aliis
703 1658 883 1743 proceribus
905 1658 995 1741 regni
1010 1657 1147 1742 Angliae,
1162 1657 1247 1722 salu·

245 1774 322 1836 tem.
366 1769 488 1835 Mando
511 1775 544 1834 et
565 1769 720 1854 praecipio,
737 1775 774 1834 ut
794 1767 918 1833 faciatis
943 1769 1097 1833 Sanctum
1117 1770 1258 1853 Augus,

245 1880 352 1946 tinum
381 1886 415 1946 et
443 1880 591 1947 abbatem
622 1880 828 1946 Scotlandum
860 1881 1010 1966 resaysire
1039 1880 1177 1964 burgum
1209 1881 1248 1945 de

246 1991 423 2071 Fordvvich,
466 2013 562 2076 quem
600 1997 688 2056 tenet
725 1992 831 2055 Hamo
861 1991 1043 2070 vicecomes,
1077 2013 1249 2076 omnesque

245 2102 322 2166 alias
351 2113 462 2183 terras,
494 2125 572 2187 quas
597 2102 694 2167 abbas
718 2102 852 2167 Alsinus
881 2101 1040 2186 fugitivus
1070 2124 1169 2183 meus,
1198 2102 1249 2166 vel

245 2213 384 2293 levitate,
397 2214 446 2279 vel
462 2214 585 2293 timore,
600 2213 651 2278 vel
667 2213 840 2298 cupiditate
854 2213 948 2277 alicui
963 2213 1061 2291 dedit,
1071 2213 1121 2278 vel
1136 2213 1249 2278 habere

245 2325 413 2389 consensit.
459 2326 504 2388 Et
529 2323 557 2389 si
581 2323 693 2408 aliquis
714 2324 818 2409 aliqua
850 2324 998 2388 violentia
1027 2323 1101 2388 inde
1129 2323 1249 2409 aliquid

244 2435 446 2516 abstraxerit,
461 2458 518 2500 vos
538 2436 619 2516 illos,
634 2435 735 2500 velint
751 2435 863 2514 nolint,
887 2435 1096 2519 constringite
1111 2434 1246 2501 reddere.

245 2547 368 2612 Valete.
421 2547 514 2612 'Peste
537 2547 607 2612 Odo
629 2546 773 2632 episeopo
796 2545 970 2624 Baiocensi,
994 2545 1029 2609 in
1051 2544 1247 2610 dedicatione

245 2657 422 2724 Baiocensi.

280 2858 346 2923 [The
363 2857 498 2920 following
512 2861 592 2921 grant
605 2856 634 2906 of
650 2856 724 2906 landa
741 2856 793 2905 and
806 2859 923 2906 customs
938 2858 967 2904 at
985 2854 1120 2904 Fordvviok
1136 2869 1247 2917 appears

245 2938 275 2987 of
285 2938 330 2987 the
341 2939 403 2985 next
414 2934 513 3000 year.]²

288 3125 470 3191 Willelmus
499 3147 556 3190 rex
585 3125 768 3209 Anglorum
802 3123 979 3187 Lanfranco
1016 3120 1246 3207 archiepiscopo

245 3235 464 3302 Cantuariensi
490 3240 522 3301 et
548 3235 689 3300 Hamoni
712 3234 898 3314 vicecomiti,
915 3241 948 3299 et
971 3235 1010 3298 R.
1031 3233 1096 3298 filio
1122 3232 1248 3298 comitis

245 3349 298 3428 e,
313 3352 346 3412 et
363 3345 517 3410 Haimoni
532 3344 720 3424 vicecomiti,
736 3352 769 3410 et
784 3345 931 3410 omnihus
953 3344 1071 3410 tamnis
1093 3345 1131 3410 de
1148 3346 1247 3424 Kent,

245 3456 451 3540 Francigenis
481 3461 515 3521 et
543 3456 699 3541 Anglicis,
727 3456 871 3521 salutem.
927 3455 1041 3519 Sciatis
1068 3456 1246 3540 episcopum

244 3569 447 3634 Baiocensem
465 3568 594 3631 fratrem
611 3590 726 3647 meum,
742 3589 798 3651 pro
813 3589 918 3632 amore
941 3565 1002 3630 Dei
1018 3571 1050 3630 et
1071 3589 1128 3650 pro
1144 3566 1245 3631 salute

243 3679 357 3745 animae
378 3699 456 3742 meae
477 3683 511 3742 et
528 3700 595 3756 sua,
610 3676 730 3741 dedisse
754 3679 871 3741 Sancto
890 3676 1074 3761 Augustino
1096 3676 1247 3762 quiequid

164 3826 171 3834 ·
242 3790 340 3855 habet
354 3788 563 3865 Fordwieum,
579 3792 647 3852 tam
665 3787 700 3850 in
721 3786 814 3852 terris
829 3792 863 3851 et
882 3786 982 3871 pratis
1002 3794 1033 3852 et
1048 3786 1193 3852 domibus
1212 3792 1247 3852 et

243 3899 533 3977 consuetudinibus,
564 3921 658 3983 quam
687 3898 722 3961 in
751 3897 821 3961 aliis
850 3897 953 3975 rebuS,
983 3903 1017 3962 et
1046 3898 1131 3981 quod
1160 3897 1247 3962 dedit

243 4010 373 4077 licentia
387 4032 457 4073 mea
472 4007 580 4074 sciatis
595 4008 686 4072 illum
702 4006 832 4073 dedisse.

329 4215 337 4247 ¹
355 4212 424 4261 Hist.
437 4212 507 4260 Mon.
521 4211 560 4260 St.
573 4210 641 4273 Aug.
652 4212 701 4259 852
714 4211 786 4278 (Rco.
799 4210 890 4271 Com).

326 4292 337 4324 ¹
355 4291 395 4341 Ib.
422 4290 484 4339 'ruia
495 4293 574 4352 grant
586 4305 640 4338 was
650 4289 754 4349 caused,
766 4289 886 4350 perhaps,
898 4288 933 4351 by
945 4288 990 4336 the
1001 4287 1083 4335 above
1099 4285 1167 4333 mia
