3000 4972
291 527 331 586 22
536 544 669 589 runem
692 543 1043 588 nuceo-uouunumcn.

584 695 713 759 [Another
723 697 775 745 like
786 697 845 745 writ
856 697 891 759 by
902 695 996 761 Οᾱο.]ι

334 809 405 874 Ode
429 809 608 874 Baiocensis
630 810 794 895 episcopus
814 810 961 874 Wlstano
982 809 1136 894 episcope,
1154 809 1238 875 Urso
1261 817 1294 876 et

291 919 442 984 Duiundo
468 925 501 984 et
524 919 621 1001 wal„
640 920 877 987 vicecomitibus
899 921 938 985 de
962 920 1235 985 Wirecestreshirc
1259 927 1292 985 ct

292 1030 558 1096 Glouoestreshire
581 1037 615 1096 et
637 1031 882 1110 Warewicscire,
906 1037 939 1097 et
969 1030 1115 1096 omnibus
1146 1031 1292 1096 fidelibus

291 1141 387 1225 regis,
414 1141 542 1206 Francis
565 1149 598 1206 et
622 1142 748 1226 Anglis,
764 1141 909 1206 salutem.
956 1141 1072 1207 Sciatis
1086 1164 1196 1205 omnes
1210 1141 1293 1226 quod

290 1251 438 1316 dominus
450 1274 538 1317 meus
549 1253 743 1317 Willielmus
757 1276 812 1317 rex
823 1251 959 1317 reddidit
974 1252 1042 1316 Deo
1057 1257 1090 1316 et
1104 1251 1239 1316 ecclesie
1254 1252 1293 1317 de

291 1363 448 1428 Evesham
465 1371 498 1428 et
512 1364 654 1429 Waltero
670 1363 777 1428 abbati
792 1363 862 1428 illes
877 1368 978 1428 terras
1002 1385 1079 1448 quas
1105 1363 1171 1447 ipse
1196 1363 1293 1428 abbas

291 1474 496 1559 explacitavit
510 1498 615 1540 corum
630 1475 711 1538 VII.
728 1474 843 1538 schircs
859 1473 899 1538 ad
925 1473 1159 1557 Gildoneberga
1184 1479 1293 1538 contra

289 1608 400 1651 omnes
415 1586 531 1670 injuste
546 1608 598 1650 eas
613 1592 797 1670 querentes,
812 1585 870 1649 hoc
885 1589 944 1665 est,
961 1582 1096 1648 Wcston
1122 1591 1155 1649 et
1180 1584 1294 1648 Swella

291 1702 324 1760 et
340 1696 570 1780 Beningwrtha
584 1703 617 1760 et
633 1695 796 1772 Bivinton,
814 1693 1064 1759 withlakesford
1078 1700 1111 1759 et
1135 1694 1294 1780 Olcbcrga

291 1814 324 1872 ct
363 1809 568 1872 Kinewnrton
605 1813 638 1872 et
676 1806 954 1870 Hildcburewrtha
990 1813 1024 1869 et
1062 1806 1222 1889 Regeleia,
1260 1812 1293 1870 et

291 1924 473 1982 constanter
501 1917 633 1981 defendo
664 1939 702 1981 ex
728 1922 817 1999 parte
842 1916 925 1999 regis
950 1922 987 1979 ut
1018 1915 1125 1979 nullus
1157 1916 1292 1999 amplius

292 2054 384 2116 super
399 2032 457 2094 hoc
472 2030 501 2094 ei
516 2029 707 2113 injustitiam
731 2029 838 2107 faciat,
853 2028 906 2092 sed
929 2029 1007 2092 istas
1032 2034 1065 2093 ct
1090 2050 1198 2091 omnes
1217 2029 1293 2091 alias

291 2150 390 2207 terras
405 2164 476 2205 cum
493 2162 609 2223 magno
625 2139 740 2203 honore
756 2143 788 2202 et
802 2161 877 2222 pace
892 2134 1008 2215 teneat,
1024 2144 1057 2202 et
1079 2137 1199 2202 nemini
1222 2138 1293 2202 inde

292 2252 476 2336 respondeat
491 2250 552 2314 nisi
568 2250 644 2332 regi.

294 2790 424 2878 [Linos
447 2811 513 2855 nun
530 2792 704 2856 Insecutus
720 2810 759 2854 on
780 2809 844 2854 uun
860 2790 1000 2855 Cuuucu
1016 2811 1056 2854 rr
1070 2790 1150 2855 Eun.
1169 2793 1296 2874 1080.]²

294 2977 344 3042 [At
364 2994 380 3026 a
391 2982 466 3027 court
489 2977 518 3026 ot'
531 2977 605 3026 three
626 2977 752 3036 enunties,
771 2975 831 3023 held
841 2979 870 3023 nt
882 2975 1033 3034 Konetsord,
1045 2976 1090 3024 the
1107 2976 1186 3024 nbbot
1202 2976 1232 3024 of
1246 2976 1295 3038 Ely

356 3071 476 3104 reeovers
487 3057 592 3104 various
604 3054 679 3104 lande
696 3054 748 3101 end
759 3054 902 3102 frunehises
913 3054 943 3102 οἰ
956 3054 1001 3102 the
1018 3053 1116 3102 ohuroh
1133 3053 1164 3101 of
1176 3053 1261 3102 which
1273 3053 1295 3100 it

358 3133 409 3180 hed
420 3133 485 3181 been
496 3132 623 3180 disseised
634 3137 662 3180 et
674 3133 718 3180 the
730 3128 882 3194 conquest]

293 3272 391 3332 Auno
407 3270 446 3332 ab
461 3269 675 3333 incarnatione
691 3268 822 3331 Domini
838 3267 1005 3332 millesimo
1025 3267 1229 3351 octogesimo,
1246 3269 1293 3332 in·

294 3378 432 3443 dictione
453 3377 628 3456 undecima,
643 3383 760 3461 epactae
785 3378 910 3441 XXVI.
927 3384 1038 3463 quarto
1062 3399 1161 3441 nonas
1176 3379 1295 3464 Apn'lis

294 3490 378 3553 factu
406 3495 455 3552 est
485 3487 635 3553 discussio
664 3488 821 3553 libertatis
850 3487 983 3553 abbatiae
1013 3488 1169 3574 Elyensis.
1217 3491 1295 3555 Quae

295 3599 380 3684 regis
395 3598 551 3663 Willelmi
578 3598 757 3663 defensione
777 3599 1013 3683 quatuordecim
1035 3599 1127 3663 annis
1152 3600 1296 3685 neglecta

294 3710 403 3794 iniqua
426 3709 640 3773 ministrorum
675 3709 742 3792 ejus
778 3709 940 3776 exactione
977 3710 1136 3791 suffocata,
1168 3712 1296 3796 penitus

294 3820 440 3906 extingui
465 3819 655 3884 formidabat
675 3843 832 3904 oppressa,
859 3819 1031 3885 Godefrido
1055 3827 1162 3885 autem
1186 3844 1293 3887 mona-

328 4028 336 4061 ¹
355 4027 450 4076 (ihren.
462 4026 530 4075 Abb.
541 4026 573 4074 de
586 4026 720 4085 Eveshnm
733 4025 798 4086 pref.
810 4024 882 4073 xlviii
895 4026 967 4083 (Rec.
981 4025 1074 4090 Gom).

327 4106 337 4136 ²
354 4106 432 4153 Liber
443 4103 562 4162 Eliensis,
573 4104 622 4152 251
637 4103 716 4166 (Aug.
729 4103 812 4152 Chris.
826 4100 906 4165 Soc).
951 4104 1004 4151 The
1020 4105 1103 4153 above
1120 4105 1179 4154 title
1192 4106 1215 4154 is
1232 4108 1295 4155 used

295 4185 334 4232 sor
350 4184 395 4231 the
413 4182 475 4231 sake
493 4181 523 4228 of
536 4181 717 4241 convenience,
730 4184 758 4230 to
769 4195 845 4230 cover
856 4181 955 4229 several
967 4181 1088 4232 different
1099 4182 1244 4246 litigatione
1260 4185 1295 4247 by

293 4266 338 4314 tho
349 4262 444 4313 chureh
456 4267 484 4310 at
497 4260 552 4322 Ely.
