3000 4972
651 566 793 611 arnamar
815 568 838 610 1.
1200 547 1242 612 41

242 744 370 826 [Inuus
394 765 433 808 or
458 746 551 808 Euan
570 747 677 808 Ama.
717 746 826 808 Paooa
841 764 882 808 ar
898 744 1035 807 Onnmn
1049 763 1093 807 oa
1115 745 1243 807 Barrna

652 859 823 938 ormana]

284 992 326 1055 In
351 992 504 1056 Mateleae
535 991 589 1054 ubi
614 1013 718 1055 comas
744 990 867 1054 Alanus
891 996 980 1055 tanat
1004 989 1239 1073 calumpniatur

242 1102 270 1164 I.
293 1102 387 1165 homo
410 1101 494 1184 ragis
519 1101 613 1164 XVI.
630 1124 716 1165 auras
740 1108 829 1165 terrae
849 1101 1005 1166 offerendo
1023 1100 1176 1182 juditium
1193 1101 1244 1164 val

241 1212 359 1277 bellum
374 1218 485 1277 contra
501 1213 709 1289 hundredum,
726 1213 808 1296 quod
823 1219 959 1275 testatur
979 1235 1030 1276 eos
1056 1212 1175 1289 comiti,
1189 1211 1245 1275 sed

242 1324 372 1407 quidam
401 1324 494 1387 homo
523 1324 649 1388 comitia
677 1324 748 1387 vult
774 1325 903 1407 probare
933 1323 1016 1407 quod
1044 1322 1242 1388 hundredum

242 1458 352 1500 verum
366 1441 513 1515 testatur,
528 1434 579 1499 vel
589 1435 709 1517 juditio
727 1435 776 1498 val
791 1434 893 1499 balla¹

242 1873 372 1955 [hauns
386 1892 425 1937 or
441 1874 533 1936 Euan
550 1873 675 1936 Rama.
733 1872 842 1933 Paoor
857 1890 897 1933 ar
914 1871 1051 1933 Oannan
1071 1869 1241 1948 ornanum]

287 2036 381 2099 Hane
398 2031 581 2115 [aeclesiam
606 2031 657 2095 val
681 2033 812 2112 terram]
828 2029 1061 2114 calumpniatur
1073 2028 1190 2093 Gudrie
1204 2027 1245 2091 ad

241 2145 372 2211 feudum
389 2142 514 2208 Radulfi
530 2141 615 2226 quod
625 2140 728 2223 jacuit
743 2141 776 2203 in
794 2141 906 2218 Stohu,
921 2147 954 2205 et
969 2140 1043 2204 inde
1068 2140 1138 2206 vult
1162 2162 1245 2204 unus

243 2258 337 2322 homo
354 2253 471 2320 Godric
486 2259 611 2337 portare
621 2251 800 2337 juditium.²

243 2687 397 2768 [Caraca
422 2708 487 2751 mu)
515 2687 611 2752 Lam>
635 2710 672 2753 ru
700 2689 862 2754 Ganarou.
908 2692 1018 2754 Paoor
1042 2711 1083 2754 ar
1109 2692 1245 2755 Oanmn

652 2803 821 2883 urrunnu]

287 2934 328 2997 In
337 2933 505 3011 Grastuua,
516 2931 544 2998 I.
557 2932 702 3005 aeclesia,
715 2939 748 2998 et
763 2934 805 2998 X.
822 2957 900 2998 aera
915 2941 1008 3000 berrae
1023 2937 1082 3000 hoc
1098 2936 1240 3020 calump-

243 3046 350 3109 niatur
365 3044 482 3109 Godric
491 3046 594 3130 jacere
609 3054 748 3128 tempore
766 3045 891 3109 Radulfi
906 3047 1030 3111 comitis
1055 3048 1088 3111 in
1105 3050 1196 3125 Stoa,
1212 3054 1245 3111 et

242 3156 384 3221 homines
398 3157 437 3220 da
452 3154 614 3219 hundredo
629 3177 700 3219 eam
716 3161 876 3220 testantur
890 3157 931 3220 ad
946 3157 1074 3221 feudum
1091 3158 1244 3223 Willalmi

242 3269 280 3332 de
306 3269 444 3331 Warena
468 3273 501 3331 et
525 3266 652 3350 quidam
677 3268 761 3350 regis
785 3268 878 3332 homo
905 3268 976 3333 vult
998 3268 1077 3333 serre
1089 3269 1245 3354 judicium

242 3378 326 3461 quod
347 3377 449 3460 jacuit
472 3377 506 3441 in
533 3378 624 3455 stou,
639 3377 765 3460 quando
791 3376 943 3443 forisfecit
966 3401 999 3443 sa
1031 3380 1186 3444 Radulfus
1212 3387 1246 3445 at

242 3511 305 3554 uno
320 3512 402 3553 anno
417 3489 513 3573 priua,
527 3493 559 3551 et
574 3509 636 3551 uno
651 3509 733 3552 anno
748 3490 878 3571 postea.⁸

245 3929 372 4010 [Lnuns
394 3949 433 3993 or
448 3931 608 3993 Wmnmu
630 3949 670 3993 or
686 3930 849 3994 Wuaaau.
894 3930 1021 3994 Lrvaar
1043 3949 1083 3993 or
1106 3930 1244 4010 Suana]

288 4090 438 4155 Hundret
461 4088 500 4155 de
522 4091 683 4155 Drosaros.
730 4089 917 4174 Helgatuna
947 4094 1036 4153 tanet
1065 4087 1245 4152 Willelmua

275 4293 283 4326 ¹
302 4292 484 4356 2Doornsday,
499 4293 547 4340 146
560 4293 583 4339 b.
716 4290 727 4322 ²
745 4289 850 4338 1b.162.
1073 4286 1084 4317 ³
1103 4287 1140 4334 Ib.
1157 4286 1213 4335 166.
