3000 4972
626 544 737 589 nrum
760 546 799 591 11.
1150 531 1212 593 215

205 693 339 760 incuria
363 716 433 759 mea
455 697 611 760 recusat.”
654 698 698 760 Et
722 704 873 763 exeuntes
895 698 1117 783 judicavemnt
1141 723 1212 764 enm

205 806 274 889 capi
289 805 423 891 dignum
438 811 471 870 et
486 805 519 869 in
535 829 686 872 carcerem
701 808 798 873 mitti.

247 918 335 981 Tunc
364 917 453 983 misit
481 941 537 982 rex
564 918 777 1003 Reginaldum
807 919 955 984 comitem
980 920 1147 985 Cornubiae
1177 926 1211 986 et

205 1029 381 1093 Robertum
392 1029 539 1094 comitem
550 1030 726 1094 Leicestriae
736 1032 775 1096 ad
785 1031 988 1096 indicandum
1001 1032 1047 1095 illi
1054 1033 1211 1117 judicium

203 1140 241 1204 de
256 1139 309 1203 illo
325 1142 455 1206 sactum.
501 1141 566 1207 Qui
581 1141 729 1207 dixerunt
740 1142 780 1220 ei,
793 1143 906 1206 “Audi
916 1142 1071 1228 judicium
1082 1146 1210 1209 tuum.’'

205 1251 329 1317 Quibus
353 1251 600 1337 archiepiscopus
635 1253 815 1338 respondit:
850 1255 1034 1320 “Prohibeo
1058 1256 1148 1320 vobis
1171 1279 1210 1320 ex

203 1368 291 1445 parte
309 1362 547 1447 Omnipotentis
561 1362 633 1442 Dei,
649 1370 683 1428 et
706 1363 765 1428 sub
792 1364 1005 1444 anathemate,
1022 1387 1062 1428 ne
1086 1364 1209 1430 faciatis

203 1472 294 1537 hodie
309 1471 347 1537 de
363 1496 413 1538 me
424 1473 590 1558 judicium,
601 1473 656 1558 qui
665 1474 819 1559 appellavi
829 1475 868 1539 ad
880 1475 1078 1561 praesentiam
1090 1476 1210 1540 domini

203 1583 324 1666 papae.”
369 1584 456 1646 Dum
472 1589 578 1648 autem
594 1584 736 1668 praedicti
751 1585 881 1650 comites
895 1585 1033 1650 redirent
1048 1585 1088 1650 ad
1103 1609 1210 1670 regem

203 1716 275 1757 curn
299 1717 445 1779 responso
471 1695 536 1775 illo,
563 1695 811 1782 archiepiscopus
835 1696 935 1761 exivit
957 1719 977 1760 a
1001 1696 1151 1777 thalamo,
1176 1703 1210 1762 et

203 1805 405 1890 progrediens
434 1830 490 1891 per
520 1806 659 1871 medium
692 1807 818 1871 illorum
848 1807 938 1872 venit
960 1807 1000 1871 ad
1022 1807 1208 1892 palefridum

204 1939 306 1994 suum,
321 1923 353 1981 et
370 1918 518 1996 aseendit,
529 1924 561 1982 et
577 1917 677 1983 exivit
691 1918 730 1981 ab
745 1916 827 1997 aula,
839 1918 985 1983 omnibus
1000 1918 1209 1986 clamantibus

203 2036 274 2112 post
307 2052 389 2109 eum,
412 2037 446 2096 et
477 2030 663 2110 dicentibus,
686 2031 790 2096 “Quo
820 2029 1025 2115 progrederis,
1048 2030 1207 2116 proditor;

203 2148 332 2226 expecta
346 2148 380 2207 ct
394 2142 467 2207 audi
481 2142 635 2227 judicium
650 2144 789 2208 tuum.”¹

456 2642 595 2722 [Brsnor
620 2641 785 2706 Gonranr.
832 2642 958 2724 1164.·]²

204 2776 272 2841 [The
283 2777 369 2840 king's
380 2778 439 2826 writ
450 2778 632 2839 commanding
643 2778 678 2826 all
689 2778 735 2827 the
752 2781 859 2826 tenente
875 2777 904 2825 of
919 2777 965 2825 the
976 2778 1062 2840 abboy
1072 2777 1102 2824 of
1109 2776 1208 2840 Abing·

267 2855 319 2903 don
331 2860 358 2903 to
369 2854 402 2903 do
413 2855 495 2917 scalty
507 2855 558 2902 and
570 2855 667 2903 service
678 2859 706 2904 to
718 2854 810 2915 bishop
823 2853 946 2917 Godfrey,
954 2858 983 2902 to
993 2853 1078 2903 whom
1089 2852 1135 2900 the
1143 2852 1209 2915 king

267 2933 316 2982 has
327 2933 478 2982 committed
490 2933 536 2982 tho
547 2948 607 2982 care
619 2933 650 2981 of
657 2932 702 2982 the
713 2931 822 2996 abbcy.]

205 3035 385 3115 Hermone,
401 3058 455 3099 rex
470 3034 607 3119 Angliae,
623 3040 655 3098 et
669 3034 734 3097 dux
746 3031 950 3097 Normanniae
968 3035 1000 3096 et
1017 3030 1208 3115 Aquitaniae,

204 3152 236 3211 et
251 3169 353 3211 comcs
368 3146 573 3230 Andcgaviae‚
588 3146 745 3224 omnibuS,
759 3151 828 3209 tam
852 3143 970 3208 clericis
990 3165 1084 3228 quam
1110 3141 1208 3221 laicis,

205 3259 386 3325 tenentibus
400 3259 438 3323 de
458 3258 585 3323 abbatia
600 3255 855 3334 Abbendonensi‚
871 3255 1013 3320 salutem.
1060 3253 1208 3339 Praecipio

204 3371 287 3454 quod
316 3369 490 3434 intendatis
519 3368 688 3433 Godefrido
721 3367 873 3453 episcopo,
904 3366 954 3430 cui
991 3364 1209 3430 commendavi

204 3482 362 3546 abbatiam
383 3482 422 3545 de
447 3480 653 3558 Abbendonu,
678 3484 831 3563 tanquam
853 3478 970 3555 abbati,
998 3478 1037 3542 de
1063 3475 1209 3541 omnibus

204 3614 272 3675 quae
287 3592 448 3677 pertinent
463 3592 503 3655 ad
518 3591 618 3675 ipsam
630 3589 800 3668 abbatiam,
809 3594 842 3653 et
851 3587 974 3652 faciatis
985 3588 1014 3652 ci
1023 3586 1208 3652 fidelitatem

205 3709 238 3767 et
261 3703 399 3782 servitia,
414 3703 460 3768 ita
483 3702 619 3786 plenarie
643 3707 676 3765 ct
700 3700 823 3783 integre
846 3699 927 3763 sicut
945 3699 1043 3763 facere
1062 3696 1209 3762 solebatis

204 3812 476 3899 praedecessoribus
485 3812 558 3889 suis,
566 3820 600 3877 et
608 3811 670 3876 nisi
679 3811 1024 3890 feceritis,vicecomites
1033 3809 1066 3871 in
1077 3830 1209 3892 quorum

205 3924 318 3989 bailliis
328 3924 413 4003 estis,
425 3945 479 3988 vos
489 3923 666 4008 justicient‚
676 3924 773 3987 donec
783 3921 914 3986 faciatis.
959 3921 1051 3985 Teste
1063 3920 1084 3981 J
1086 3919 1209 3982 ohanne

205 4037 322 4101 decano
340 4034 582 4112 Seresben'cnsi3
606 4033 689 4117 apud
704 4032 916 4096 Wdestocam.

303 4185 311 4217 ¹
328 4186 382 4232 The
393 4183 547 4245 archbishop
559 4183 623 4232 then
634 4182 723 4230 malros
735 4181 776 4228 his
786 4195 879 4241 escape
891 4180 956 4226 from
969 4179 1013 4226 the
1024 4177 1086 4226 hall.

329 4267 344 4312 2
359 4264 425 4311 Hist.
439 4264 507 4310 Mon.
520 4261 632 4323 Abingd.
644 4262 693 4307 234
707 4258 780 4322 (Rcc.
792 4258 882 4320 Com).

1227 4142 1240 4175 6
