3000 4972
319 525 381 586 208
564 544 698 588 nnucrrn
720 542 1067 589 suono-nouusuruen.

316 692 441 778 placitis
456 700 489 758 et
502 695 683 773 hundredis,
694 695 721 758 si
736 694 812 779 quid
826 717 949 760 neeesse
963 696 1125 775 habereut,
1141 697 1317 780 adjuvaret.

319 803 412 869 Quod
427 811 593 889 postquem
608 828 751 889 prooessu
766 805 915 889 temporis
928 805 961 868 in
977 806 1233 871 consuetudinem
1249 830 1317 872 ver-

318 938 388 978 sum
404 922 462 993 est,
477 923 605 979 centum
621 915 745 1000 quidem
762 914 875 979 solidos
890 917 928 981 de
943 916 1070 981 abbatia
1085 917 1265 996 vicecomes,
1282 941 1318 981 ee

318 1024 344 1087 si
359 1025 398 1089 de
412 1026 537 1090 redditu
560 1049 615 1089 suo
637 1033 751 1104 essent,
767 1026 960 1109 accipiebat;
984 1027 1060 1111 ipsis
1080 1051 1162 1106 vero,
1179 1051 1235 1111 pro
1250 1028 1317 1112 qui·

317 1134 377 1198 bus
391 1136 557 1214 dabantur,
572 1159 696 1219 prorsus
708 1135 786 1199 nihil
802 1137 992 1220 proficiebat.

364 1245 464 1329 Cujus
479 1245 594 1311 notitia
608 1269 680 1310 cum
695 1247 735 1310 ad
746 1247 893 1310 abbatem
906 1246 1118 1311 Wulkelinum
1133 1249 1317 1331 perveniret,

318 1379 374 1442 pro
391 1356 448 1421 teli
463 1357 596 1422 eeclesiae
611 1358 725 1421 damno
740 1357 861 1436 doluit;
884 1365 917 1422 et
938 1365 1010 1442 post
1025 1381 1145 1422 annum
1164 1360 1317 1424 adventus

318 1467 422 1532 suiad
439 1467 599 1532 abbatiam
614 1467 762 1552 primum,
778 1467 891 1532 solidos
907 1469 978 1533 dare
993 1469 1128 1535 distulit.
1174 1471 1317 1555 Requisi-

318 1582 371 1642 tus
397 1584 504 1642 autem
517 1601 611 1662 quare
634 1601 697 1641 non
722 1577 790 1641 illos
814 1585 941 1643 eentum
970 1579 1083 1644 solidos
1112 1580 1319 1664 persolvisset,

319 1688 490 1773 respondit,
505 1711 545 1752 ue
559 1711 633 1751 usus
648 1686 749 1751 malus
771 1694 880 1752 eontra
894 1688 1055 1754 ecelesiam
1070 1714 1159 1754 suum
1179 1691 1319 1770 inoleret,

319 1821 392 1865 eum
400 1798 508 1884 utique
523 1798 632 1883 priscis
647 1797 839 1883 temporibus
850 1799 896 1863 ita
907 1800 1038 1865 minime
1051 1801 1157 1867 fuisse.
1182 1801 1204 1864 J
1204 1802 1319 1867 ubente

319 1933 392 1975 vero
413 1931 497 1992 rege,
513 1909 663 1994 inquisita
685 1909 795 1974 estrei
817 1910 942 1984 veritas,
961 1911 988 1974 si
1009 1912 1056 1975 ite
1079 1911 1210 1976 Heuriei
1225 1912 1319 1996 regis,

319 2020 372 2085 avi
396 2019 515 2085 seilicet
539 2020 598 2099 sui,
625 2026 763 2104 tempore
792 2019 913 2085 fuisset
960 2021 1053 2087 Quod
1082 2044 1154 2085 eum
1182 2021 1229 2085 ita
1255 2045 1318 2086 non

320 2131 415 2197 fuisse
429 2131 463 2194 in
479 2131 632 2195 comitatu
640 2131 818 2214 juramento
833 2131 1037 2196 menifestum
1053 2138 1144 2210 esset,
1157 2131 1318 2215 prohibuit

320 2266 374 2307 rex
389 2240 502 2305 solidos
517 2241 614 2320 reddi,
630 2241 679 2306 vel
694 2264 878 2326 aquoquam
893 2242 926 2306 in
935 2248 1093 2326 posterum
1108 2240 1203 2324 exigi.
1249 2240 1316 2303 Sie-

320 2376 380 2437 que
398 2351 494 2416 abbas
511 2350 709 2417 Walkelinus
731 2359 857 2418 eentum
880 2353 918 2417 ad
941 2374 973 2416 ee
995 2349 1118 2430 solidos,
1141 2351 1222 2415 mele
1245 2359 1319 2416 onte

321 2461 485 2527 annuatim
500 2462 647 2545 perditos,
666 2464 808 2542 retraxit,
824 2471 856 2528 et
876 2463 916 2527 ad
930 2485 1022 2526 usum
1037 2460 1170 2527 eeclesiae
1184 2462 1318 2547 emplius

320 2573 522 2661 profuturum
537 2573 713 2658 deputavit.

397 3321 524 3402 [Annon
546 3321 732 3384 Wnnxnuu
754 3344 783 3385 o.
807 3307 932 3383 Pudnu.
977 3319 1093 3381 Aoour
1117 3319 1253 3402 1160?]¹

322 3453 390 3520 [The
401 3454 540 3502 defendent
551 3454 622 3502 oben
633 3454 749 3516 refusing
760 3454 811 3503 end
822 3454 901 3516 being
917 3452 1060 3514 oompelled
1079 3456 1108 3501 to
1123 3466 1176 3514 puy
1188 3452 1233 3501 the
1255 3452 1318 3500 dues

386 3531 458 3579 owed
467 3532 511 3579 the
519 3531 635 3592 pleintiff
642 3531 683 3577 sor
693 3530 754 3578 land
765 3530 825 3579 held
836 3530 866 3578 of
873 3530 936 3588 him,
944 3530 967 3578 is
977 3527 1127 3577 summoned
1136 3533 1164 3577 to
1171 3533 1245 3577 oourt
1254 3528 1319 3576 with

385 3609 426 3656 his
438 3623 484 3657 son
496 3608 548 3670 (his
559 3607 636 3670 heir),
648 3607 699 3655 und
710 3607 854 3669 eompellod
865 3612 893 3657 to
904 3610 1011 3656 exeunte
1027 3621 1044 3654 e
1059 3611 1187 3655 oovenent
1198 3607 1263 3655 with
1274 3606 1320 3653 the

384 3685 465 3734 ebbot
476 3684 632 3745 eoneerning
643 3683 689 3731 the
699 3682 760 3731 lend
770 3704 777 3741 ς
795 3684 840 3731 the
851 3684 1012 3732 tmnseotion
1024 3682 1103 3745 being
1112 3683 1140 3731 in
1156 3682 1202 3731 the
1218 3680 1319 3731 abbet's

384 3761 501 3823 chapter,
512 3761 539 3809 in
550 3760 595 3808 the
606 3772 728 3823 preeeuoe
739 3758 769 3806 of
776 3759 862 3808 olerke
873 3759 925 3808 und
936 3758 1062 3823 hymen]

322 3888 460 3954 Qumnu
476 3887 622 3970 Pagenus
647 3883 784 3963 nomine,
805 3885 899 3949 homo
922 3884 1055 3949 eoelesiae
1074 3884 1181 3968 hujus,
1197 3883 1230 3947 in
1244 3883 1321 3948 ville

320 3997 493 4082 Appelford
502 4018 598 4060 unam
609 3995 717 4059 hidem
726 3996 891 4060 tenendam
903 4017 958 4079 pro
970 3995 1045 4059 XX.
1058 3991 1175 4072 solidis,
1185 3992 1291 4075 singul
1295 3995 1321 4058 is

320 4108 411 4172 annis
437 4107 476 4172 nd
503 4106 669 4191 coquinam
698 4106 922 4170 monachorum
947 4103 1121 4184 reddendiS,
1150 4111 1318 4188 acceperet.

532 4265 541 4299 ¹
559 4268 574 4314 2
587 4266 656 4314 nist.
670 4266 737 4313 Mon.
749 4266 860 4328 Abingd.
872 4267 920 4315 23³
933 4265 1004 4323 (Boc.
1017 4263 1109 4325 Gom).
