3000 4972
298 536 361 597 282
545 555 675 599 esserra
697 556 1044 601 nuere-neenlrnrrca.

319 722 457 806 [Morus
489 743 528 787 or
564 726 614 788 Sr.
648 726 794 788 Ennuun
827 751 852 790 v.
886 725 1038 791 Claranus
1060 746 1101 789 or
1124 726 1277 791 horreos.

740 834 866 918 1192]ι

291 952 359 1018 [The
371 957 464 1005 monks
476 956 506 1005 oi
518 956 557 1004 St.
572 957 691 1006 Edrnund
709 957 820 1005 demand
831 957 859 1006 of
870 958 939 1006 their
958 962 1065 1006 tenente
1082 958 1113 1006 os
1130 958 1238 1007 London
1259 960 1300 1007 in-

356 1034 460 1082 creased
472 1038 531 1083 rent
542 1034 572 1082 ol
580 1038 726 1083 tenemento
738 1034 798 1082 held
811 1036 846 1098 by
858 1035 938 1092 thern,
950 1034 1035 1084 which
1047 1035 1091 1083 the
1111 1034 1191 1084 latter
1209 1035 1301 1085 refuso

356 1117 457 1174 topay.
490 1112 543 1160 The
563 1113 656 1161 monks
676 1129 734 1161 now
753 1120 857 1175 request
877 1114 922 1162 the
941 1113 1022 1161 ebbot
1039 1118 1068 1162 te
1088 1113 1196 1162 ᾱίεεοὶω
1215 1113 1299 1173 thern,

358 1189 443 1237 which
455 1189 487 1237 he
495 1189 608 1238 declines
620 1193 649 1239 te
659 1189 693 1238 de
704 1190 816 1238 without
827 1191 877 1238 due
895 1190 1041 1252 precessor
1052 1190 1111 1250 law,
1123 1190 1226 1252 steting
1237 1191 1300 1240 thet

357 1273 386 1316 to
397 1268 505 1317 disseise
516 1267 633 1317 ireemen
647 1268 678 1317 ol
694 1267 769 1317 landa
780 1284 810 1317 or
826 1274 899 1317 rente
914 1268 998 1318 which
1018 1268 1082 1332 they
1094 1269 1160 1318 heve
1177 1269 1238 1317 held
1258 1269 1301 1318 sor

356 1360 434 1408 many
445 1360 529 1408 years,
538 1345 623 1408 justly
634 1361 664 1394 or
672 1345 799 1409 unjustly,
812 1346 898 1393 would
907 1346 940 1394 he
952 1343 1099 1408 nnlawi'nl.]

293 1464 425 1528 Ducrrro
449 1486 533 1528 auno
559 1463 694 1527 abbatiae
721 1464 883 1528 Samsonis
912 1462 1046 1541 abbatis,
1068 1463 1106 1528 de
1134 1466 1299 1529 communi

291 1574 420 1638 consilio
436 1574 566 1658 capituli
581 1575 690 1651 nostri,
706 1575 868 1657 conquesti
890 1597 1000 1638 sumus
1021 1573 1130 1638 abbati
1153 1573 1186 1637 in
1208 1575 1299 1640 curia

290 1708 356 1762 sua,
371 1685 510 1749 dicentes
533 1686 672 1750 redditus
687 1692 720 1749 et
741 1685 843 1749 exitus
867 1683 1010 1749 omnium
1033 1684 1187 1747 bonarum
1202 1684 1290 1749 villa·

291 1819 360 1859 rum
377 1808 408 1859 et
424 1794 594 1877 burgorum
610 1794 729 1879 Anglie
743 1816 885 1873 crescere,
901 1799 933 1858 et
948 1793 1147 1877 augmentari
1159 1793 1193 1857 in
1208 1817 1296 1858 com·

291 1904 420 1969 modum
460 1905 688 1989 possidencium
725 1911 759 1969 et
795 1903 1048 1969 emendacionem
1084 1903 1295 1983 dominorum,

291 2021 393 2098 preter
408 2015 515 2078 villam
531 2016 642 2079 istam2
666 2039 726 2100 que
749 2016 821 2080 XL.
838 2015 934 2078 libras
957 2014 1029 2078 dare
1051 2014 1141 2092 solet,
1156 2025 1191 2079 et
1212 2038 1296 2080 nun·

290 2147 385 2209 quam
401 2125 439 2187 ad
455 2124 525 2208 plus
540 2125 720 2190 extenditur
729 2153 736 2203 ;
760 2137 793 2191 et
808 2126 978 2209 burgenses
993 2123 1066 2188 ville
1077 2147 1143 2189 esse
1157 2124 1191 2188 in
1202 2147 1298 2189 causa

291 2235 471 2318 hujusmodi
489 2235 543 2313 rei,
552 2236 606 2319 qui
629 2244 737 2300 tantas
757 2243 789 2300 et
814 2244 862 2300 tot
885 2241 1103 2319 purpresturas
1125 2241 1237 2299 teuent
1261 2235 1296 2299 in

291 2346 369 2424 foro,
392 2346 429 2409 de
455 2345 538 2428 sopis
561 2352 595 2409 et
614 2345 717 2424 seldis,
744 2353 777 2410 ct
798 2345 953 2429 stalagiis,
975 2345 1043 2408 sine
1069 2368 1196 2408 assensu
1220 2368 1294 2410 con·

291 2462 414 2534 ventus,
429 2463 462 2520 et
485 2479 523 2520 ex
546 2456 610 2519 solo
633 2455 713 2519 dono
735 2455 942 2538 prefectorum
967 2453 1051 2532 ville,
1067 2453 1122 2537 qui
1144 2454 1295 2519 annuales

291 2566 420 2630 firmarii
444 2574 477 2630 et
501 2564 589 2649 quasi
612 2565 782 2628 servientes
806 2564 933 2628 sacriste
957 2564 1096 2643 fuerunt,
1119 2587 1174 2647 pro
1199 2564 1294 2629 bene·

291 2677 408 2761 placito
438 2679 507 2760 ejus
537 2675 727 2740 removendi.
789 2676 966 2758 Burgenses
996 2697 1070 2738 vero
1107 2674 1295 2739 summoniti

291 2789 531 2872 responderunt,
546 2811 578 2851 se
598 2810 663 2852 esse
686 2786 719 2849 in
736 2785 831 2848 assisa
847 2785 952 2867 regis,³
967 2807 1024 2848 nec
1040 2784 1079 2848 de
1093 2785 1294 2864 tenementis,

290 2921 349 2981 que
365 2899 458 2962 illici
481 2907 585 2983 patres
600 2920 706 2961 eorum
723 2901 902 2975 tenuerunt,
917 2894 997 2959 hene
1019 2901 1052 2959 et
1073 2895 1107 2958 in
1130 2917 1215 2979 pace,
1229 2918 1294 2960 uno

289 3032 371 3073 anno
397 3017 430 3074 et
459 3032 521 3073 uno
550 3008 611 3089 die,
635 3009 702 3072 sine
731 3005 921 3090 calumpnia,
941 3028 973 3069 se
1003 3005 1082 3070 velle
1111 3006 1295 3090 respondere

289 3128 399 3184 contra
417 3120 593 3183 libertatem
611 3119 684 3182 ville
700 3125 732 3183 et
751 3125 854 3181 cartas
875 3139 946 3179 suas
956 3143 965 3194 ;
987 3122 1021 3181 et
1035 3116 1182 3180 dixerunt
1197 3115 1294 3180 talem

289 3229 383 3293 fuisse
395 3229 651 3294 consuetudinem
667 3229 843 3312 antiquam,
858 3234 896 3290 ut
909 3226 1037 3311 prefecti
1054 3227 1175 3304 darent,
1186 3226 1293 3290 ineen-

290 3338 372 3403 sulto
398 3346 567 3417 conventu,
592 3338 658 3402 loca
683 3360 828 3421 soparum
849 3345 881 3400 et
906 3336 1060 3400 seldarum
1088 3335 1121 3399 in
1147 3336 1214 3401 foro
1239 3359 1294 3420 per

289 3447 426 3532 aliquem
442 3446 598 3511 redditum
615 3448 787 3530 prefectum
803 3445 969 3509 annuat-im
985 3445 1186 3510 reddendum.
1224 3446 1293 3510 Nos

288 3565 394 3621 autem
411 3555 616 3621 reclamantes
633 3554 789 3633 volumus,
805 3562 841 3618 ut
856 3554 953 3619 abbas
968 3555 1161 3620 dissaisiaret
1183 3577 1234 3619 eos
1256 3555 1294 3619 de

288 3666 405 3730 talibus
428 3664 626 3743 tenementis
653 3664 736 3727 unde
758 3669 935 3727 warantum
959 3664 1083 3728 nullum
1105 3663 1294 3730 habuerunt.

288 3776 397 3841 Abbas
413 3798 483 3840 vero
499 3773 627 3838 veniens
642 3774 681 3837 ad
697 3773 862 3837 consilium
879 3781 1032 3853 nostrum,
1047 3781 1198 3858 tanquam
1213 3797 1296 3839 unus

288 3912 326 3953 ex
342 3889 441 3965 nobis,
458 3890 572 3950 secreto
589 3884 680 3948 nobis
696 3883 788 3963 dixit,
804 3908 836 3947 se
852 3883 931 3948 velle
946 3885 1037 3948 nohis
1058 3893 1177 3948 rectum
1191 3891 1296 3950 tenere

287 4024 442 4085 proposse
457 4021 532 4076 suo;
556 3997 610 4060 sed
625 3996 735 4061 ordine
747 3995 925 4079 justiciario
940 4018 972 4060 se
996 3995 1108 4060 debere
1124 3997 1295 4080 procedere,

351 4195 359 4225 ¹
378 4196 472 4245 Chron.
485 4195 541 4243 Jee.
554 4192 586 4241 do
599 4192 702 4240 Brakel.
715 4193 748 4242 56
761 4191 885 4248 (camden
899 4191 974 4251 Soc).
1083 4194 1093 4226 ²
1114 4189 1220 4238 London

623 4269 634 4302 ³
654 4270 742 4318 Under
753 4270 797 4317 the
809 4269 895 4331 lrirrg's
907 4269 964 4316 law.
